2017 3034
184 142 497 219 NATU-R.
536 119 975 211 msmjcm.
1017 138 1298 194 xxxva.
1331 143 1508 197 scaz.
1579 141 1685 199 135

85 245 308 312 alioqui.
354 244 355 247 ’
376 245 711 297 Hammonis
736 258 908 296 cornu
950 247 1101 297 inter
1139 248 1541 298 sacratissimas
1579 248 1685 299 Ae·

33 352 37 357 «
83 316 331 382 thiupiae
349 328 612 381 gemmas,
656 328 825 365 aureo
849 314 1057 377 colore,
1099 314 1326 366 arietini
1350 330 1545 367 cornus
1568 315 1685 368 effi-

10 438 11 443 ,
83 387 228 454 giem
250 383 867 449 reddens,promittitur
887 383 1213 450 praedivina
1232 383 1451 435 somnia
1468 398 1689 450 reprae-

10 462 11 465 ’
84 460 328 508 sentare.
399 453 740 505 Hermesion
759 452 908 504 inter
929 453 1278 521 gratissimas
1305 453 1593 519 aspicitur,
1617 468 1686 506 ex

81 525 248 591 igneo
275 522 465 591 colore
487 522 715 574 radians
737 536 895 585 aure,
930 529 1191 590 portante
1214 537 1400 574 secum
1424 521 1484 572 in
1509 529 1691 577 extre*-

84 591 684 644 mitatibus'candidam
707 591 905 644 lucem.
968 591 1269 658 Hyneniae
1288 607 1357 644 cx
1380 590 1561 644 oculis
1585 590 1687 660 hy-

87 677 279 725 aenae,
319 666 377 713 et
399 662 471 711 ob
493 661 551 711 id
572 660 816 723 invasae,
837 660 1069 711 inveniri
1092 661 1382 719 dicunturx
1413 666 1486 725 et,
1506 661 1559 712 si
1579 676 1694 715 creb

88 732 289 792 dimus,
327 731 551 796 linguae
571 729 810 781 hominis
838 729 1100 784 subditae
1132 729 1323 781 futura
1345 731 1693 798 praecinere.
1721 790 1726 793 ,

89 800 441 853 Haematites
463 801 524 851 in
544 798 847 866 Aethiopia
868 799 1091 866 quidem
1114 800 1436 866 principalis
1456 836 1474 864 ,
1515 800 1612 851 sed
1636 805 1696 852 et
1777 855 1799 868 ⁸

89 869 143 921 in
161 869 375 939 Arabia
395 874 455 921 et
475 868 664 920 Africa
683 867 981 931 invenitur,
1008 869 1328 936 sanguineo
1352 869 1562 932 colore,
1586 874 1697 920 non

92 939 398 992 omittenda
423 938 710 1005 promissis
732 937 802 988 ad
824 938 1205 1006 coarguendas
1226 939 1587 991 barbarorum
1615 941 1697 989 in·

10 1068 11 1071 ¹
90 1009 282 1060 sidias.
353 1006 645 1060 Zachalias
665 1006 1024 1075 Babylonius·
1037 1007 1095 1058 in
1116 1006 1206 1058 his
1226 1007 1387 1060 libris
1410 1021 1546 1074 quos
1567 1007 1701 1059 scri-

10 1116 11 1125 *
90 1076 200 1146 psit
222 1079 295 1130 ad
327 1092 517 1146 regem
548 1075 966 1139 Mithridatem,
1003 1075 1247 1129 humana
1275 1078 1513 1146 gemmis
1535 1076 1699 1130 attri-

90 1149 217 1202 buit
239 1147 385 1200 fata=
429 1146 571 1198 hanc
611 1162 720 1198 non
743 1152 1054 1201 contentus.
1074 1147 1363 1202 oculorum
1388 1153 1447 1200 et
1487 1148 1701 1199 iocine-

91 1233 212 1270 rum
241 1216 519 1269 medicina
541 1216 839 1268 decorasse
858 1252 876 1279 ‚
916 1231 951 1267 a
980 1229 1116 1282 rege
1138 1217 1316 1268 etiam
1326 1215 1535 1283 aliquid
1557 1215 1702 1283 peti·

10 1302 13 1307 ⁴
92 1287 237 1339 turis
278 1285 474 1349 dedit,
517 1291 575 1337 et
613 1285 810 1338 litibus
845 1285 1177 1352 iudiciisque
1212 1283 1579 1349 interposuitz
1643 1283 1702 1334 in

91 1356 322 1424 proeliis
344 1355 511 1407 etiam
533 1366 602 1406 ex
625 1368 693 1405 ea
713 1353 850 1421 ungi
872 1353 1123 1406 salutare
1143 1351 1537 1420 pronuntiavit.
1596 1351 1703 1403 Est

95 1434 148 1478 et
170 1426 286 1477 alia
305 1425 554 1476 eiusdem
572 1424 806 1490 generis
827 1458 843 1483 ,
887 1436 1027 1490 quae
1057 1427 1293 1475 vocatur
1315 1420 1503 1473 menni
1525 1420 1594 1471 ab
1615 1420 1702 1472 In-

94 1496 211 1557 diss
235 1491 476 1545 xanthus
499 1493 780 1558 appellata
804 1492 1058 1554 (iunceis,⁸
1092 1508 1122 1544 e
1144 1490 1298 1557 fulvo
1318 1486 1631 1542 candicans.

160 1564 312 1616 Lxl.
349 1563 501 1613 Idaei
523 1562 740 1629 dactyli
774 1561 830 1612 in
863 1564 1031 1613 Creta
1052 1596 1068 1623 ,
1108 1559 1296 1612 ferreo
1319 1559 1507 1611 colore
1531 1559 1701 1625 polli-

62 1667 67 1673 -
96 1650 213 1686 cem
236 1631 539 1684 humanum
579 1633 916 1698 exprimunt.
987 1630 1219 1682 icterias
1253 1629 1382 1680 aliti
1413 1628 1600 1680 lurido
1632 1628 1708 1680 si·

94 1703 244 1754 milis
266 1737 283 1766 ,
324 1702 452 1753 ideo
477 1702 827 1753 existimatur
859 1699 1103 1751 salubris
1125 1705 1323 1752 contra
1344 1697 1532 1766 regios
1554 1711 1702 1748 mor·

93 1774 213 1825 bos.
285 1771 391 1826 Est
420 1775 478 1822 et
513 1770 629 1822 alia
661 1771 858 1822 eodem
890 1771 1116 1822 nomine
1147 1765 1433 1836 liquidior.
1506 1767 1705 1819 Tertia

94 1842 235 1894 folio
258 1839 433 1891 viridi
454 1839 677 1904 similis,
698 1839 865 1898 latior
883 1838 1186 1905 prioribus,
1223 1850 1399 1903 paene
1421 1835 1542 1887 sine
1564 1850 1704 1901 pon-

97 1911 247 1974 dere,
270 1909 433 1962 venis
453 1908 674 1959 luridis.
748 1908 1019 1969 Quartum
1054 1919 1229 1973 genus
1249 1905 1306 1955 in
1330 1903 1524 1956 eodem
1548 1902 1703 1954 colo-

93 1996 155 2033 re
175 1981 356 2048 nigris
375 1978 536 2030 venis
557 1977 1018 2030 discurrentibus.
1112 1976 1256 2026 lovis
1277 1985 1496 2041 gemma
1518 1970 1706 2021 candi·
1803 1996 1816 2005 ι

99 2052 170 2102 da
190 2055 298 2112 est,
342 2062 455 2098 non
478 2046 809 2114 ponderosa,
850 2051 1063 2096 tenera.
1097 2042 1288 2094 Indica
1306 2040 1554 2107 gentium
1577 2054 1703 2090 sua·

98 2134 216 2175 rum
239 2117 415 2168 habet
446 2130 666 2177 nomen,
711 2113 943 2167 subrufo
975 2111 1191 2172 colore.
1223 2113 1278 2161 in
1312 2108 1511 2160 attritu
1544 2106 1709 2159 sudo·

97 2204 213 2242 rem
235 2199 581 2255 purpureum
606 2189 812 2235 manat.
883 2181 1009 2234 Alia
1042 2179 1239 2231 eodem
1276 2177 1501 2228 nomine
1527 2175 1710 2226 candi·

10 2314 11 2317 ,
101 2259 190 2320 da,
230 2258 504 2324 pulvereo
527 2259 772 2321 aspectu.
832 2253 932 2303 lon
965 2248 1112 2317 apud
1145 2246 1312 2300 Indos
1333 2246 1586 2299 violacea
1606 2252 1710 2309 est,

101 2326 197 2380 sed
218 2340 354 2378 raro
379 2330 573 2375 saturo
606 2323 792 2373 colore
813 2321 985 2372 lucet.
1709 2374 1714 2383 ἢ

171 2395 355 2448 Lxu.
403 2391 704 2457 Lepidotis
740 2393 1005 2460 squamas
1036 2385 1267 2454 piscium
1305 2384 1476 2437 variis
1515 2382 1717 2435 colori·

10 2494 11 2497 =
102 2466 206 2523 hus
229 2463 510 2514 imitatur.
547 2460 787 2513 Lesbias
810 2458 981 2510 Lesbi
1006 2456 1227 2524 patriae
1249 2469 1446 2506 nomen
1468 2452 1676 2504 habens
1695 2468 1713 2501 z

102 2533 395 2585 invenitur
418 2529 550 2582 etin
569 2529 746 2581 India.
838 2525 1343 2592 Leucophthalrnos
1366 2521 1540 2574 rutila
1560 2520 1719 2578 alias,

107 2603 261 2656 oculi
290 2599 534 2667 speciem
557 2597 872 2657 candidam,
911 2599 1239 2662 nigramque
1265 2592 1535 2644 continet.
1577 2587 1719 2643 Leu-

108 2669 443 2739 eopoecilos
480 2667 776 2720 candorem
808 2665 970 2717 lineis
1003 2679 1072 2717 ex
1094 2677 1229 2715 auro
1254 2656 1563 2722 distinguit.
1628 2653 1723 2704 Li-
