2017 3034
1008 2 1038 31 b

205 167 787 253 NATUR.1ilsT.'
827 190 992 243 ΜΒ.
1036 188 1479 249 xxxv11.⁷-o.
1554 184 1651 249 1'01

59 297 173 344 rus,
199 284 412 336 invidia
432 284 667 338 Neronis
694 291 973 358 principis,
994 302 1060 346 ut
1084 311 1327 348 mensam
1351 299 1467 350 eius
1492 300 1655 356 exhe-

60 353 303 414 redaret,
324 356 567 415 ⁴trullam
607 360 947 412 murrhinam
989 369 1255 415 trecentis
1289 368 1515 421 talentis
1543 366 1682 426 em-'

61 425 177 470 tam
204 421 394 489 fregit.
466 424 575 475 Sed
595 427 763 489 Nero,
808 424 868 482 ui:
896 446 994 497 par
1015 441 1135 483 erat
1158 435 1478 502 principem,
1518 443 1657 494 vicit

61 504 274 553 omneS,
320 494 582 544 trecentis
615 496 847 548 talentis
890 502 1138 566 capidem
1183 520 1344 554 unam
1385 509 1652 570 parando.

57 558 435 612 Memoranda
460 577 568 635 res,
604 567 746 615 tanti
772 567 1168 633 Imperatorem
1191 579 1518 641 patremque
1556 592 1654 643 pa-

58 630 206 680 triae
224 629 450 682 bibisse.
1626 637 1644 645 ⁶

120 696 277 748 vul.
317 699 514 749 Oriens
547 697 829 753 murrhina
862 705 1053 757 mittit.
1125 709 1489 765 Inveniuntur
1508 714 1654 766 enim

59 763 137 816 ibi
159 766 220 815 in
244 767 493 832 pluribus
518 768 678 830 locis,
700 785 801 821 nec
821 772 1157 841 insignibus,
1181 780 1415 832 maxime
1440 781 1656 833 Parthi·

61 835 110 885 ci
133 837 319 902 regni:
364 837 655 901 praecipue
676 842 936 891 tamenin
962 844 1275 897 Carmania.
1346 849 1654 902 Humorem

56 910 261 969 putant
280 904 381 953 sub
422 910 573 955 terra
596 905 782 958 calore
813 908 1047 961 densari.
1121 915 1499 980 Amplitudine
1522 936 1649 970 nus·
1702 946 1720 963 ι

58 986 225 1037 quam
265 987 462 1037 parvos
501 974 774 1025 excedunt
813 979 1049 1031 abacos:
1096 985 1463 1036 crassitudine
1504 1001 1651 1048 raro,

58 1046 268 1105 quanta
300 1041 506 1091 dictum
539 1046 625 1092 est
651 1044 770 1095 vasi
805 1046 1043 1112 potorio.
1116 1049 1388 1117 Splendor
1418 1053 1502 1105 his
1527 1057 1650 1107 sine

56 1109 286 1170 viribus,
308 1111 566 1176 nitorque
587 1113 792 1173 verius,
814 1130 974 1180 quam
1001 1115 1280 1181 splendor.
1318 1121 1429 1172 Sed
1448 1124 1503 1172 in
1529 1139 1650 1189 pre·

54 1177 134 1228 tio
157 1180 399 1231 varietas
423 1180 672 1231 colorum
695 1177 925 1234 subinde
938 1185 1436 1253 circumagentibus
1458 1208 1518 1243 se
1541 1208 1651 1243 ma·

58 1246 200 1296 culis
221 1249 276 1296 in
301 1263 595 1313 purpuram
619 1250 1043 1318 candoremque,
1088 1262 1144 1304 et
1164 1259 1386 1307 tertium
1413 1274 1478 1308 ex
1503 1271 1652 1309 utro·

56 1329 162 1380 que
189 1315 573 1383 ignescentem,
612 1317 786 1369 veluti
808 1331 910 1383 per
941 1322 1240 1373 transitum·
1259 1325 1478 1385 coloris,
1520 1341 1646 1392 pur-

50 1396 210 1448 pura,
250 1391 346 1435 aut
386 1384 714 1438 rubescente
748 1389 957 1441 lacteo.
1031 1388 1173 1440 Sunt
1205 1392 1293 1455 qui
1323 1393 1561 1444 maxime
1594 1398 1651 1445 in

51 1453 120 1502 iis
145 1452 375 1505 laudent
396 1455 881 1518 extremitateaeet
903 1459 1170 1525 quosdam
1195 1459 1442 1511 colorum
1469 1476 1652 1528 reper-

54 1535 265 1583 cussus,
309 1522 499 1590 quales
518 1524 574 1574 in
598 1527 830 1578 caelesti
849 1541 978 1577 arcu
1003 1534 1341 1592 spectantur.
1411 1529 1515 1580 His
1541 1546 1651 1581 ma·

53 1590 210 1641 culae
243 1593 479 1657 pingues
511 1593 762 1660 placent:
802 1595 1152 1651 translucere
1186 1599 1512 1664 quidquam,
1552 1606 1650 1651 aut

52 1658 283 1724 pallere,
322 1661 524 1711 vitium
565 1668 667 1713 est.
737 1665 876 1716 Item
903 1665 1072 1728 sales,
1111 1681 1489 1733 verrucaeque
1534 1685 1647 1719 non

52 1727 360 1779 eminentes
384 1763 400 1790 ,
445 1730 541 1781 sed
561 1736 625 1781 ut
645 1729 957 1797 incorpore
998 1735 1164 1784 etiam
1191 1737 1508 1804 plerumque
1529 1753 1646 1789 ses-

49 1795 202 1845 siles.
277 1798 479 1864 Aliqua
501 1797 557 1849 et
578 1798 634 1850 in
670 1799 843 1853 odore
868 1801 1280 1855 commendatio
1305 1810 1408 1855 est.

113 1864 214 1931 1X.
258 1864 556 1916 Contraria
588 1867 718 1918 huic
753 1882 921 1920 causa
961 1870 1288 1936 crystallum
1323 1868 1478 1932 facit,
1517 1872 1674 1938 gelu«

48 1930 462 1986 vehementiore
484 1942 762 1987 concreto.
832 1937 956 1988 Non
978 1940 1153 1989 aliubi
1181 1947 1331 1990 certe
1351 1941 1645 2003 reperitur,

48 2009 211 2066 quam
252 2003 350 2053 ubi
387 2004 626 2056 maxime
662 2004 930 2057 hibernae
953 2009 1107 2059 nives
1130 2009 1340 2072 rigent:
1380 2006 1645 2072 glaciem-

48 2072 148 2133 que
175 2085 304 2121 esse
331 2076 544 2121 certum
567 2079 679 2123 est:
727 2076 957 2132 undeet
982 2090 1179 2127 nomen
1206 2075 1403 2129 Graeci
1424 2073 1643 2125 dedere.

48 2138 247 2189 Oriens
274 2145 328 2190 et
350 2137 490 2189 hanc
511 2141 684 2191 mittit
705 2177 721 2203 ,
764 2145 1020 2208 quoniam
1058 2142 1280 2194 Indicae
1316 2141 1467 2192 nulla
1490 2156 1645 2208 prae·
1689 2142 1694 2225 ζ

46 2205 241 2257 fertur.
317 2207 656 2261 Nascitur-’et
677 2210 731 2260 in
758 2212 907 2273 Asia,
943 2212 1218 2262 vilissima
1240 2210 1387 2261 circa
1405 2210 1641 2265 Alaban·

46 2273 129 2334 da,
153 2282 213 2326 et
237 2275 577 2341 Orthosiam,
600 2278 953 2344 finitimisque
976 2280 1274 2340 montibus,
1300 2279 1429 2331 item
1454 2282 1508 2332 in
1534 2283 1639 2348 Cy·

45 2344 160 2406 liro.
236 2343 349 2395 Sed
382 2344 609 2396 laudata
641 2346 698 2396 in
722 2348 983 2415 Europae
1016 2347 1232 2414 Alpium
1266 2348 1432 2416 iugis.
1504 2351 1646 2401 luba'

44 2418 245 2462 auctor
278 2419 366 2464 est
389 2447 404 2473 ,
447 2418 511 2466 et
535 2413 590 2463 in
626 2415 860 2481 quadam
896 2415 1080 2468 insula
1111 2417 1288 2468 Rubri
1317 2422 1484 2469 maris
1515 2426 1645 2470 ante

43 2480 305 2531 ³&arabiam
339 2483 450 2532 sita
481 2483 657 2543 nasci,
705 2497 845 2548 quae
866 2482 1083 2534 Necron
1119 2486 1364 2546 vo’cetur,
1404 2494 1459 2538 et
1482 2487 1539 2537 in
1562 2502 1646 2546 ea,

46 2558 181 2610 quae
206 2551 373 2605 iuxta
387 2553 934 2617 gemmamtopazion
949 2550 1120 2614 ferat,
1137 2554 1543 2618 cubitalemque
1567 2553 1645 2602 et·-

44 2615 258 2668 fossam
284 2635 318 2667 a
340 2617 662 2686 Pythagora
683 2619 988 2671 Ptolemaei
1014 2623 1158 2688 regis
1180 2621 1485 2688 praefecto.
1518 2621 1646 2668 Cor·
1671 2668 1692 2677 ⁴

47 2684 228 2738 aelius
254 2682 507 2740 Bocchus
531 2694 588 2743 et
607 2689 663 2738 in
676 2687 971 2740 Lusitania
989 2691 1142 2741 nasci
1163 2701 1426 2767 perquam
1449 2685 1648 2736 miran-
