2017 3034
262 146 363 202 106
652 147 712 197 C.
767 145 1049 198 PLlNll
1106 142 1480 198 SECUNDI

261 251 451 311 latam,
474 249 825 300 Germanico
847 251 1084 303 Caesare
1126 249 1206 299 ibi
1231 249 1502 300 classibus
1528 262 1641 301 rem
1668 262 1861 315 geren·

166 330 171 339 ¹
263 325 341 381 te,
381 317 730 370 Austraviam
755 334 789 368 a
810 319 1312 370 barbarisslictam.
1387 318 1647 369 Nascitur
1671 326 1858 367 autem

263 376 808 443 deflu'e‘iite'inedfflla
833 388 976 452 pinei
1009 389 1229 454 generis
1252 387 1573 453 arboribus,
1620 392 1684 435 ut
1704 400 1860 452 gum·

267 455 343 506 mi
364 456 418 506 in
445 457 667 516 cerasis,
694 458 882 506 resina
905 457 1066 522 pinis.
1140 456 1400 521 Erumpit
1421 454 1668 505 humoris
1691 458 1860 505 abuu-

269 523 483 576 dantia:
508 524 775 574 densatur
799 527 982 590 rigore
1002 524 1086 574 vel
1107 531 1298 590 tepore
1321 522 1647 574 autumnali.
1722 525 1859 573 Cum

218 602 245 643 Ι
267 593 636 644 intumescens
657 599 843 643 aestus
869 593 1054 658 rapuit
1076 608 1140 643 ex
1165 592 1392 654 insulis,
1435 599 1587 643 certe
1612 592 1669 640 in
1692 591 1863 641 litora

268 661 583 726 expellitur,
624 664 706 712 ita
729 662 998 722 volubile,
1039 668 1099 710 ut
1123 660 1361 726 pendere
1380 659 1650 725 videatur,
1693 665 1863 725 atque

268 730 557 782 considere
580 731 636 780 in
658 731 832 780 vadot
877 729 1024 794 quod
1051 729 1265 780 arboris
1300 743 1520 786 succum
1543 743 1666 779 esse
1690 726 1865 793 prisci

266 803 445 851 nostri
490 799 796 859 credidere,
840 799 912 849 ob
945 798 999 847 id
1039 798 1313 847 succinum
1338 798 1704 862 appellantes.
1778 795 1862 846 Pi-

266 880 407 918 neae
429 875 612 918 autem
635 868 849 918 arboris
874 881 1015 927 esse,
1031 865 1240 916 indicio
1263 872 1349 916 est
1375 867 1568 930 pineus
1591 866 1646 914 in
1662 867 1864 916 attritu

268 934 424 998 odor,
462 943 517 986 et
558 936 703 1000 quod
746 950 1035 986 accensum
1082 935 1241 985 tedae
1265 935 1428 984 modo
1451 950 1516 985 ac
1539 935 1736 985 nidore
1759 934 1863 984 fla-

267 1010 407 1070 gret.
478 1000 800 1055 Astii-matur
840 1019 874 1054 a
914 1005 1203 1054 Germanis
1238 1003 1364 1054 ideo
1387 1004 1623 1054 maxime
1649 1001 1861 1068 appeti-

267 1079 384 1122 tam
428 1073 801 1138 provinciamz
839 1078 894 1123 et
934 1072 1070 1123 inde'
1110 1072 1372 1123 advectos
1414 1075 1647 1137 primum
1665 1106 1682 1132 ‚
1723 1085 1860 1137 quos

267 1139 466 1191 Graeci
491 1148 737 1192 macatos
762 1142 1053 1191 vocabant.
1125 1142 1353 1192 Famam
1389 1141 1473 1192 rei
1514 1139 1704 1191 fecere
1728 1154 1856 1206 pro-

265 1209 451 1259 ximae
475 1207 810 1271 Pannoniae,
836 1211 893 1261 id
918 1210 1255 1274 accipientes
1278 1210 1425 1260 cirea
1447 1224 1598 1260 mare
1619 1208 1860 1261 Adriati-

267 1291 408 1328 cum.
463 1276 632 1330 ·Pado
653 1293 784 1329 vero
806 1293 1051 1330 annexae
1074 1278 1295 1329 fabulae
1315 1278 1535 1329 videtur
1556 1293 1743 1339 causa,
1766 1274 1861 1327 lio·

266 1345 465 1412 dieque
485 1348 1009 1413 Transpadanorum
1050 1347 1366 1413 agrestibus
1388 1347 1639 1407 feminis,
1684 1345 1860 1397 moni·

265 1413 404 1473 lium
425 1419 545 1465 vice
569 1414 792 1467 succina
819 1417 1184 1483 gestantibus,
1226 1417 1465 1467 maxime
1487 1415 1705 1466 decoris
1729 1429 1856 1481 gra·

265 1484 363 1543 tia,
406 1483 502 1552 sed
529 1492 584 1534 et
604 1486 936 1536 medicinae:
978 1485 1197 1552 quando
1219 1484 1463 1535 tonsillis
1501 1483 1750 1537 creditur
1770 1497 1856 1534 re·

264 1554 481 1611 sistere,
506 1560 562 1602 et
582 1551 824 1602 faucium
850 1554 1023 1615 vitiis,
1047 1554 1201 1605 vario
1224 1570 1426 1622 genere
1446 1566 1712 1619 aquarum
1741 1551 1858 1601 iux·

265 1627 327 1670 ta
348 1619 649 1671 infestante
683 1627 909 1686 guttura
940 1639 1006 1673 ac
1047 1623 1257 1673 vicinas
1280 1638 1492 1674 earnes.
1565 1620 1855 1673 sexcentis

266 1689 387 1740 fere
407 1687 485 1736 Μ.
509 1701 652 1752 pass.
693 1704 729 1738 a
767 1693 1044 1741 Carnunto
1092 1691 1409 1741 Pannoniae
1448 1692 1608 1741 abest
1638 1690 1775 1739 litus
1797 1686 1855 1738 id

267 1754 623 1817 Germaniae,
656 1771 724 1807 ex
768 1772 877 1823 quo
917 1758 1212 1819 invehitur,
1254 1760 1636 1824 percognitum
1663 1772 1854 1822 nuper.
1883 1798 1892 1801 -

266 1823 426 1877 Vidit
447 1824 591 1874 enim
618 1839 784 1889 eques
808 1828 1101 1888 Romanus,
1124 1828 1326 1878 missus
1351 1827 1421 1878 ad
1446 1827 1502 1879 id
1526 1840 1852 1892 comparan-

268 1893 395 1945 dum
421 1907 454 1942 a
474 1892 686 1944 Iuliano
710 1902 937 1946 curante
979 1897 1382 1963 gladiatorium
1399 1911 1595 1946 munus
1617 1892 1856 1945 Neronis

198 1990 212 2029 ,⁰
262 1960 546 2028 principis,
589 1963 676 2027 qui
723 1959 860 2013 haec
898 1965 1230 2015 commercia
1250 1972 1305 2016 et
1327 1964 1497 2015 litora
1519 1961 1857 2029 peragravit,

196 2034 203 2091 ξ
262 2038 419 2080 tanta
456 2032 617 2095 copia
654 2033 890 2091 invecta,
936 2038 995 2101 qt
1017 2034 1164 2081 retia
1184 2033 1437 2083 arcendis
1461 2032 1597 2083 feris
1621 2030 1853 2099 podium

196 2126 203 2139 ι
258 2099 620 2166 'protegemia
642 2099 864 2149 succino
887 2100 1251 2153 nudarentur:
1296 2116 1452 2152 arma
1471 2116 1623 2161 vero,
1644 2106 1701 2150 et
1722 2094 1853 2149 libi·

188 2192 205 2232 ,-
256 2166 401 2227 tnta,
437 2174 699 2232 totusque
740 2168 900 2218 unius
923 2167 1038 2217 diei
1060 2175 1360 2234 apparatus
1385 2175 1532 2220 esset
1554 2184 1584 2220 e
1608 2167 1855 2219 succino.

198 2244 203 2253 ’
264 2233 570 2286 Maximum
615 2236 829 2299 pondus
867 2237 915 2286 is
957 2237 1158 2302 glebae
1187 2238 1379 2288 attulit
1397 2238 1526 2288 Xlll
1561 2236 1884 2288 librarum.-

265 2301 435 2354 Nasci
459 2309 514 2350 et
536 2302 769 2354 inludia
793 2311 1003 2356 certum
1028 2312 1131 2356 est.
1179 2303 1496 2366 Archelaus,
1538 2305 1636 2370 qui
1659 2319 1856 2371 regna·

262 2364 369 2423 vif
376 2362 1081 2433 irmpffa‘diiei'af'illiiic'
1081 2374 1248 2438 pineo
1276 2374 1484 2427 cortice
1525 2373 1856 2427 inhaerente

190 2496 209 2515 ⁴
261 2436 439 2488 tradit
459 2436 655 2486 advehi
679 2439 831 2500 rude,
863 2441 1137 2506 polirique
1163 2443 1326 2507 adipe
1348 2444 1462 2492 suis
1484 2441 1748 2493 lactentis
1771 2444 1855 2492 in·

200 2520 207 2529 ·
265 2511 499 2557 coctum.
522 2504 817 2568 Liquidum
842 2509 1019 2572 primo
1042 2509 1348 2569 destillare,
1373 2516 1696 2575 argumento
1721 2515 1854 2563 sunt

266 2573 537 2641 quaedam
578 2572 729 2641 iptus
758 2577 1152 2629 translucentia
1167 2613 1185 2644 ‚
1226 2586 1287 2631 ut
1308 2577 1577 2631 formicae
1596 2585 1694 2631 aut
1717 2578 1853 2630 culi-
