2017 3034
191 148 508 207 NATUR.
552 132 785 217 msr.
824 162 988 218 [ΑΒ.
1021 160 1302 221 xxxvii.
1336 167 1566 231 24.25.·
1603 165 1709 222 11⁷

93 254 231 309 lithi
250 254 516 321 colorem,
547 260 767 326 sardae,
786 271 845 320 et
863 266 1116 335 iaspidis.
1186 269 1535 324 Zenothemis
1556 270 1703 322 indi·

97 324 523 393 cantonychem
541 329 737 399 plures
757 334 964 389 hahere
982 338 1306 402 varietates,
1345 343 1576 407 igneam,
1615 342 1705 392 ni-

94 409 281 463 gram,
300 408 579 460 corneam,
592 398 951 469 cingentibus
968 405 1218 457 candidis
1237 408 1395 461 venis
1419 407 1563 460 oculi
1583 422 1707 461 mo-

98 464 197 527 do,
232 463 739 523 intervenientibus
766 473 1111 539 quarundam
1149 476 1326 528 oculis
1345 476 1586 543 obliquis
1607 494 1707 529 ve-

94 535 209 586 nis.
278 530 517 587 Sotacus
541 541 600 587 et
619 538 916 595 Arabicam
936 544 1210 612 onychem
1233 546 1428 599 tradit:
1465 546 1561 599 sed
1582 561 1706 599 eam

48 614 55 615 ⁷
101 617 138 655 a
158 603 361 655 ceteris
384 602 612 662 distare.
649 612 796 678 quod
816 612 1006 666 indica
1025 613 1300 680 igniculos
1325 613 1544 679 habeat,
1565 615 1709 668 albis

102 672 454 738 cingentibus
476 674 639 729 zonis
679 679 932 747 singulis,
972 682 1314 750 pluribusve,
1357 684 1523 737 aliter
1544 698 1712 752 quam

100 742 160 792 in
200 740 555 809 sardonyche
595 745 803 802 Indica.
874 750 1000 802 Illic
1035 753 1181 805 enim
1202 760 1711 816 momentumesse,

102 809 196 861 hic
215 809 506 863 circulum.
550 812 822 870 Arabicas
845 818 1098 889 onychas
1117 821 1305 889 nigras
1327 822 1562 875 inveniri
1587 838 1712 891 can-

8 936 9 939 ,
104 878 255 933 didis
294 879 480 937 zonis.
550 883 789 954 Satyrus
828 901 1090 942 carnosas
1122 906 1248 944 esse
1271 890 1509 955 Indicas,
1551 902 1713 959 parte

102 948 462 1015 carbunicam
504 961 667 1021 parte
688 953 1042 1025 chrysolithi,
1084 966 1142 1012 et
1159 959 1478 1028 amethysti,
1499 966 1708 1013 totum-

104 1032 219 1084 que
232 1016 296 1069 id
317 1032 495 1089 genus
516 1023 756 1078 abdicat.
828 1025 1035 1080 Veram
1075 1036 1267 1082 autem
1292 1028 1565 1097 onychem
1587 1031 1708 1098 plu·

104 1088 285 1141 rimas
325 1091 623 1160 variasque
661 1109 785 1147 cum
836 1095 1036 1148 lacteis
1078 1099 1234 1150 zonis
1274 1098 1480 1152 hahere
1515 1115 1711 1162 venas,
1773 1112 1780 1115 “
1813 1105 1826 1121 “

104 1157 360 1211 omnium
381 1161 442 1212 in
460 1162 702 1215 transitu
734 1164 926 1217 colore
946 1166 1342 1232 inenarrabili,
1382 1169 1517 1222 etin
1538 1184 1711 1220 unum

108 1228 389 1282 redeunte
408 1240 758 1297 concentum,
798 1235 1081 1288 suavitate
1122 1245 1300 1304 grata.
1369 1237 1488 1289 Nec
1509 1238 1710 1291 sardae

104 1303 315 1350 natura
325 1297 635 1353 differenda
644 1308 746 1365 est,
759 1301 1017 1356 dividuae
1028 1316 1096 1356 ex
1109 1305 1304 1358 eodem
1319 1306 1537 1357 nomine
1552 1324 1567 1356 :
1592 1306 1726 1363 obi„

107 1373 310 1433 terque
327 1367 644 1421 ardentium
664 1386 1012 1439 gemmarum
1032 1373 1353 1426 indicanda.
1679 1380 1684 1384 ’

78 1472 81 1477 ·
178 1435 360 1491 XXV.
398 1437 778 1506 Principatum
802 1439 1009 1493 habent
1030 1442 1367 1505 carbunculi,
1391 1458 1430 1494 a
1450 1443 1707 1494 similitu-

104 1504 240 1559 dine
279 1508 497 1574 ignium
539 1510 826 1576 appellati,
866 1525 990 1563 curn
1011 1513 1122 1580 ipsi
1143 1526 1250 1565 non
1273 1512 1515 1565 sentiant
1533 1515 1712 1581 ignes,

104 1575 184 1628 ob
220 1574 287 1627 id
320 1591 356 1628 a
388 1576 715 1647 quibusdam
739 1580 956 1632 acausti
975 1581 1180 1634 vocati.
1246 1581 1460 1633 Horum
1484 1597 1711 1649 genera,

104 1642 307 1709 Indici,
331 1646 803 1709 etGaramantici,
824 1663 960 1714 quos
984 1656 1044 1703 et
1068 1649 1474 1704 Carchedonios
1495 1658 1714 1713 vocant,

106 1719 347 1780 propter
369 1716 709 1782 opulentiam
733 1716 1086 1787 Carthaginis
1108 1734 1357 1788 magnae.
1431 1719 1713 1773 Adiiciunt

104 1784 474 1851 Aethiopicos
508 1786 568 1838 et
584 1785 977 1850 Alabandicos,
1017 1790 1075 1840 in
1100 1789 1370 1842 Orthosia
1410 1795 1571 1842 caute
1613 1804 1709 1839 na-

108 1858 351 1921 scentes,
386 1854 485 1907 sed
526 1854 624 1922 qui
642 1855 998 1923 perficiantur
1017 1857 1337 1910 Alabandis.
1411 1858 1714 1910 Praeterea
1735 1864 1752 1881 ⁴

106 1924 167 1972 in
189 1922 345 1974 omni
364 1937 572 1991 genere
591 1924 827 1977 masculi
852 1927 1118 1992 appellati
1140 1928 1349 1989 acrius,
1390 1931 1449 1977 at
1467 1919 1712 1978 mninae

106 1991 443 2060 languidius
481 1991 843 2061 refulgentes.
915 1997 977 2047 ln
997 1995 1263 2048 masculis
1285 2007 1503 2060 quoque
1524 1994 1714 2045 obser·

109 2067 244 2114 vant
287 2060 609 2128 liquidioris
647 2060 788 2115 alios
831 2061 1104 2125 flammae,
1143 2061 1411 2130 nigrioris
1452 2061 1613 2123 alios,
1656 2066 1714 2112 et

111 2130 383 2199 quosdam
404 2145 475 2184 ex
498 2130 611 2183 alio
630 2130 867 2194 lucidos,
887 2148 954 2185 ac
973 2137 1149 2200 magis
1173 2129 1377 2182 ceteris
1399 2128 1454 2180 in
1466 2128 1598 2183 Sole
1615 2127 1712 2181 fla·

110 2205 366 2267 grantes.
440 2200 694 2269 Optimos
734 2216 864 2255 vero
906 2198 1428 2267 amethystizontas,
1470 2196 1577 2251 hoc.
1608 2205 1712 2261 est,

111 2281 353 2336 quorum
406 2275 693 2322 extremus
742 2268 1020 2338 igniculus
1066 2268 1124 2320 in
1163 2265 1466 2334 amethysti
1500 2269 1710 2321 violam

110 2342 306 2390 exeat:
333 2332 620 2403 proximos
639 2339 772 2399 illis,
790 2350 930 2404 quos
950 2343 1154 2390 vocant
1171 2336 1376 2399 sititae,
1392 2335 1587 2390 innato
1610 2336 1717 2389 ful·

151 2421 253 2458 ore
268 2405 581 2459 radiantes.
654 2405 895 2458 Inveniri
916 2412 1103 2460 autem
1125 2406 1452 2474 ubicunque,
1470 2407 1714 2459 maxime

84 2420 269 2526 {olis
292 2487 641 2541 repercussu.
718 2473 954 2543 Satyrus
975 2477 1198 2532 Indicos
1236 2490 1344 2527 non
1375 2489 1507 2529 esse
1529 2476 1738 2551 claros'

115 2543 274 2604 dicit,
317 2557 384 2598 ac
420 2544 748 2610 plerumque
787 2544 1066 2609 sordidos,
1107 2559 1173 2598 ac
1213 2558 1433 2612 semper
1476 2543 1712 2609 fulgoris

117 2610 360 2664 horridiz
400 2609 759 2679 Aethiopicos
779 2612 1036 2680 pingues,
1082 2613 1376 2682 lucemque
1411 2625 1523 2662 non
1545 2607 1714 2661 emit-
1791 2652 1797 2657 .

118 2686 340 2747 tentes,
381 2686 481 2743 aut
500 2679 800 2738 fundentes
813 2714 832 2745 ,
875 2682 975 2736 sed
994 2683 1294 2738 convoluto
1314 2681 1441 2748 igne
1460 2675 1716 2744 flagrare.
