2017 3034
970 13 991 39 Ι

181 137 492 191 NATUR.
535 136 756 192 HIST.
798 138 962 191 L113.
994 136 1289 192 XXXVI.
1330 89 1528 194 531-38.
1599 141 1669 195 83

144 240 407 293 XXXVI.
442 239 718 309 Phrygius
737 240 882 307 lapis
906 244 1087 307 gentis
1110 255 1310 294 nomen
1335 240 1519 294 babet.
1561 243 1670 294 'Est

78 320 265 361 autem
311 310 475 376 gleba
507 309 812 374 pumicosa.
886 311 1076 360 Uritur
1096 316 1225 361 ante
1243 311 1371 362 vino
1392 310 1670 377 perfusu8‚

78 377 356 444 flatui-que
376 378 631 439 follibus,
669 378 846 431 donec
887 380 1168 442 rubescat,
1208 393 1275 429 ac
1309 393 1499 430 rursus
1520 380 1671 430 dulci

79 448 205 497 vino
250 447 645 512 exstinguitur,
686 455 745 498 et
782 447 886 498 hoc
926 447 1104 501 ternis
1126 447 1358 509 vicibus,
1397 447 1673 514 tingendis

79 515 329 567 vest-ibus
355 521 570 566 tantum
594 512 771 566 utilis.
1566 546 1577 563 .

144 581 431 635 xxxvn.
496 582 746 634 Schistos
789 590 853 657 et
901 583 1239 636 haematites
1289 583 1676 650 cognationem

79 651 303 704 babent.
340 651 697 703 Haematites
718 653 1002 705 invenitur
1021 654 1078 703 in
1101 653 1345 704 metallis
1364 670 1377 702 z
1396 658 1555 702 ustus
1577 652 1678 702 mi-

82 722 154 771 nii
177 721 427 772 colorem
457 719 747 773 imitatum
783 722 987 785 uritur,
1025 726 1089 772 ut
1109 720 1403 788 Phrygius,
1441 720 1541 772 sed
1566 735 1681 773 non

82 789 455 855 restinguitur
476 791 623 840 vino.
690 789 1078 842 Adulteratum
1108 789 1317 841 schisto
1339 788 1680 843 haematiten

87 858 402 910 discernunt
427 872 600 909 venae
620 858 902 921 rubentes,
940 865 996 910 et
1019 858 1257 911 friabilis
1281 864 1499 910 natura.
1539 860 1681 910 Ocu-

87 928 155 978 lis
175 941 376 979 cruore
395 926 626 977 suffusis
641 928 780 979 mire
804 927 1075 978 convenit.
1165 926 1327 978 Sistit
1347 925 1681 992 profluvium

88 998 379 1046 mulierum
399 990 606 1061 potus)
653 995 866 1048 Bibunt
896 1011 1021 1047 eum
1053 1000 1112 1047 et
1128 994 1222 1064 qui
1243 995 1567 1062 sanguinem
1589 1009 1678 1046 re-

88 1066 356 1125 iecerunt,
395 1076 519 1114 cum
557 1077 720 1114 succo
742 1063 935 1116 Punici
968 1064 1122 1115 mali.
1190 1066 1263 1116 Et
1284 1064 1342 1115 in
1363 1064 1583 1116 vesicae
1604 1063 1683 1113 vi«

88 1135 179 1185 tiis
220 1133 436 1187 efficax.
509 1130 728 1182 Bibitur
766 1139 822 1183 et
857 1133 913 1183 in
949 1133 1080 1184 vino
1106 1140 1299 1185 contra
1338 1131 1683 1199 serpentium

91 1203 247 1253 ictus.
320 1200 601 1253 Infirmior
639 1200 708 1251 ad
751 1202 938 1253 omnia
976 1200 1116 1254 baec
1155 1202 1349 1259 eadem
1374 1209 1480 1269 est,
1521 1215 1684 1268 quem

95 1270 333 1325 schiston
357 1269 660 1334 appellant.
734 1269 846 1320 Sed
878 1270 935 1320 in
956 1270 1027 1320 iis
1052 1269 1397 1321 commodior
1422 1282 1588 1320 croco
1611 1271 1686 1318 si·

94 1341 267 1402 milis,
305 1339 643 1405 peculiarius
673 1335 974 1403 splendet(
1020 1336 1251 1389 Proficit
1280 1337 1568 1388 oculorum
1601 1337 1683 1386 la-

96 1410 276 1461 crimis
296 1409 357 1458 in
379 1408 526 1458 lacte
537 1407 819 1457 muliebri:
842 1407 1303 1472 procidentesque
1324 1404 1517 1457 oculos
1530 1419 1688 1472 prae·

97 1479 237 1531 clare
261 1476 502 1545 cohibet.
570 1477 731 1528 Haec
750 1482 836 1527 est
854 1475 1133 1533 sententia
1154 1489 1361 1539 eorum,
1383 1475 1473 1541 qui
1494 1488 1689 1541 nuper·

95 1549 233 1598 rime
260 1546 555 1612 scripsere.
1283 1606 1290 1609 .

154 1614 470 1669 xxxvlu.
532 1611 768 1665 Sotacus
823 1629 857 1665 e
911 1612 1309 1666 vetustissimis
1363 1611 1689 1665 auctoribus

28 1724 31 1739 .
95 1686 332 1755 quinque
351 1697 561 1752 genera
580 1681 1004 1735 haematitarum
1024 1683 1216 1745 tradit,
1231 1682 1451 1748 praeter
1469 1695 1693 1748 magne·

90 1762 219 1819 tem,
293 1752 673 1817 Principatum
697 1751 795 1802 dat
825 1766 892 1803 ex
911 1745 982 1803 iis
1004 1752 1361 1818 Aethiopico,
1401 1752 1691 1803 oculorum

92 1821 515 1875 medicamentis
536 1821 876 1883 utilissimo,
912 1829 969 1872 et
990 1821 1063 1871 iis
1087 1836 1227 1886 quae
1288 1819 1581 1873 anchresta
1600 1835 1632 1869 a

92 1892 336 1958 pellant:
373 1892 508 1942 item
531 1891 814 1941 ambustis.
883 1890 1134 1941 Alterum
1154 1890 1222 1939 a'n
1266 1889 1595 1940 redamanta
1676 1913 1695 1924 ·

94 1961 167 2013 cit
191 1960 409 2022 vocari,
423 1958 609 2009 colore
630 1959 1067 2024 nigro,pondere
1091 1973 1158 2009 ac
1180 1957 1385 2007 duritia
1404 1957 1696 2024 insignem,

93 2037 151 2081 et
170 2029 307 2080 inde
327 2041 528 2080 nomen
552 2028 790 2078 traxisse
811 2062 833 2088 ,
867 2028 1274 2092 praecipueque
1310 2026 1367 2076 in
1392 2023 1579 2076 Africa
1599 2038 1693 2074 re-

92 2103 332 2165 pertum.
405 2094 652 2147 Trahere
673 2102 859 2147 autem
887 2095 945 2146 in
979 2110 1042 2145 se
1075 2099 1385 2162 argentum,
1427 2107 1539 2152 aes,
1579 2090 1693 2144 fer-

96 2182 234 2218 rum.
308 2165 768 2230 Experimentum
792 2165 912 2216 eius
934 2179 1057 2216 esse
1077 2163 1133 2213 in
1156 2167 1281 2213 cote
1305 2176 1372 2214 ex
1396 2161 1581 2227 lapide
1601 2159 1698 2211 ba-

98 2236 296 2288 sanite.
371 2233 628 2287 Reddere
651 2235 793 2285 enim
818 2229 1040 2285 succum
1061 2231 1460 2298 sanguineum,
1497 2235 1553 2282 et
1575 2244 1699 2282 esse

100 2305 167 2358 ad
197 2303 467 2356 iocineris
495 2303 640 2354 vitia
671 2302 956 2369 praecipui
985 2300 1242 2353 remedii.
1312 2299 1562 2365 Tertium
1600 2313 1697 2366 ge-

101 2389 203 2424 nus
221 2371 447 2424 Arabici
471 2369 636 2434 facit,
681 2371 851 2422 simili
881 2371 1116 2433 duritie,
1153 2369 1250 2419 vix
1279 2369 1560 2421 reddentis
1580 2383 1703 2419 suc-

106 2456 227 2493 cum
250 2441 325 2493 ad
349 2447 530 2492 cotem
566 2442 883 2506 aquariam,
923 2438 1224 2506 aliquando
1258 2453 1423 2490 croco
1448 2438 1714 2489 similem:

106 2510 306 2574 Quarti
327 2510 548 2578 generis
569 2510 795 2560 elatiten
814 2509 1009 2559 vocari
1031 2543 1047 2570 ,
1091 2507 1356 2573 quamdiu
1376 2507 1573 2559 crudus
1595 2504 1699 2552 sit:
1727 2518 1733 2524 ·

108 2581 327 2632 coctum
366 2592 499 2629 vero
542 2578 805 2638 miltiten,
833 2576 1024 2627 utilem
1069 2577 1356 2637 ambustis,
1399 2574 1469 2624 ad
1515 2570 1704 2620 'omnia
1787 2596 1792 2603 ›

106 2647 394 2705 utiliorem
414 2646 655 2700 rubrica.
709 2643 909 2707 Quinti
926 2640 1152 2711 'generis
1171 2642 1435 2762 zichgston,
1452 2639 1706 2689 haemor-
