2017 3034
301 130 375 184 eo
642 118 722 187 'c.
760 129 1038 187 PL1N11
1100 130 1469 189 ssscuNnr

301 234 478 289 calcis
520 237 639 289 sine
675 232 984 290 ferrumine
1017 250 1120 289 suo
1152 240 1442 289 caementa
1477 231 1903 301 componuntur.

300 304 505 356 lntrita
524 321 739 373 quoque
759 320 866 371 quo
889 307 1185 367 vetustior,
1208 321 1275 358 eo
1295 305 1509 357 melior.
1567 305 1628 354 ln
1649 304 1904 369 antiqua·

300 389 426 425 rum
451 376 670 426 aedium
703 374 920 441 legibus
950 374 1257 437 invenitur,
1297 389 1366 425 ne
1394 375 1711 424 recentiore
1735 374 1904 423 trima

305 448 556 496 uteretur
576 442 891 496 redemtor?
926 442 1059 494 ideo
1081 444 1234 494 nulla
1254 443 1493 493 tectoria
1513 456 1702 492 eorum
1725 441 1906 490 rimae

305 511 622 565 fioedavere.
697 510 1020 564 'l'ectorium
1044 511 1284 577 quidem,
1324 511 1434 560 nisi
1457 518 1543 561 ter
1573 517 1807 560 arenato
1848 513 1909 559 et

307 582 397 632 his
430 580 769 632 marmorato
804 580 1089 632 inductum
1123 586 1237 640 est,
1279 594 1386 629 non
1420 579 1559 629 satis
1590 575 1908 644 splendoris
2005 620 2008 623 ,

222 706 229 713 ,
302 646 495 702 habet.
566 648 883 715 Uliginosa,
923 655 978 700 et
1017 649 1110 700 ubi
1151 649 1379 715 salsugo
1417 647 1613 709 rvitiat,
1653 652 1909 697 testaceo

311 718 519 771 sublini
538 717 750 768 utilius.
801 718 863 768 ln
887 718 1124 770 Graecia
1144 718 1395 768 tectoriis
1420 717 1588 767 etiam
1612 728 1912 766 arenarum
1945 771 1952 775 ,

312 786 459 853 quod
484 786 766 837 inducturi
785 794 930 847 sunt,
962 787 1115 852 prius
1139 788 1192 836 in
1217 786 1489 837 mortario
1515 785 1714 851 ligneis
1737 781 1924 833 vecti·.

313 858 416 908 bus
452 856 734 921 subigunt.
852 856 1316 922 Eat-perimentum
1359 853 1683 906 marmorati
1724 858 1815 911 est
1851 850 1910 900 in

311 924 654 991 subigendo,
701 921 877 976 donec
915 931 1074 974 rutro
1106 938 1212 974 non
1236 920 1549 975 cohaereat.
1620 921 1911 972 Contu-ain

314 993 539 1044 albario
559 1006 744 1058 opere,
785 999 853 1044 ut
883 999 1166 1044 macerata
1195 992 1320 1044 calx
1347 1008 1447 1043 ceu
1479 993 1750 1058 glutinum
1773 987 1912 1040 hae-

312 1067 457 1112 reat.
527 1061 810 1113 Macerari
831 1078 939 1114 non
961 1062 1069 1113 nisi
1091 1077 1158 1114 ex
1181 1061 1347 1126 gleba
1368 1065 1610 1126 oportet.
1663 1061 1723 1111 ln
1745 1057 1912 1110 Elide
2007 1104 2008 1111 ,

317 1130 485 1181 aedes
509 1136 596 1180 est
618 1131 920 1194 Minervae,
962 1130 1020 1180 in
1046 1145 1154 1198 qua
1173 1130 1347 1181 frater
1369 1129 1597 1201 Phidiae
1618 1126 1909 1179 Panaenus

314 1198 617 1253 tectorium
658 1198 878 1250 induxit
921 1198 1067 1253 lacte
1108 1206 1165 1251 et
1198 1212 1361 1250 croco
1390 1199 1699 1258 subactum,
1735 1202 1800 1246 ut
1828 1192 1910 1246 se·

315 1273 473 1321 runt:
512 1270 751 1337 ideoque
773 1270 823 1319 si
845 1275 1062 1321 teratur
1081 1268 1137 1319 in
1162 1283 1228 1319 ea
1251 1267 1524 1335 hodieque
1546 1265 1725 1318 saliva
1747 1262 1910 1331 pulli,-

317 1354 399 1401 ce,
422 1335 648 1390 odorem
669 1339 823 1390 croci
842 1352 1204 1405 saporemque
1225 1338 1430 1391 reddit.

384 1405 530 1459 LVI.
569 1408 867 1460 Columnae
885 1408 943 1459 in
963 1402 1103 1460 ae'de
1120 1408 1340 1459 densius
1361 1388 1579 1473 positae
1601 1403 1910 1457 crassiores
2007 1402 2008 1407 ’

315 1473 596 1526 videntur.
669 1476 892 1529 Genera
934 1491 1128 1529 earum
1172 1483 1430 1544 quatuor.
1457 1475 1655 1537 gQuae
1692 1478 1910 1527 sextam

314 1548 530 1610 partem
553 1543 866 1595 altitudinis
887 1547 942 1595 in
960 1545 1326 1597 crassitudine
1347 1546 1460 1596 ima
1478 1542 1703 1606 habent,
1743 1542 1911 1595 Dori·

317 1626 416 1663 cae
434 1617 730 1664 vocantur:
755 1627 893 1677 quae
915 1629 1134 1675 nonam,
1154 1614 1400 1667 lonicae=
1435 1628 1575 1681 quae
1598 1612 1919 1678 septimam,
2005 1608 2006 1621 ¹

317 1679 678 1732 Tuscanicae.
753 1682 1056 1733 Corinthiis
1092 1681 1282 1735 eadem
1312 1684 1488 1745 ratio,
1531 1697 1671 1749 quae
1691 1681 1914 1734 Ionicis.

315 1748 394 1799 Et
429 1746 762 1811 differentia,
805 1752 1068 1816 quoniam
1096 1748 1356 1817 capitulis
1376 1750 1790 1803 Corinthiarum
1819 1766 1913 1802 ea·
2003 1796 2004 1809 ,

317 1815 442 1867 dem
466 1821 550 1867 est
570 1816 837 1880 altitudo,
878 1834 1023 1886 quae
1060 1821 1342 1887 colligitur
1371 1820 1739 1872 crassitudine
1761 1820 1878 1869 ima
1897 1834 1914 1869 t

302 1884 553 1949 ideoque
592 1887 919 1952 graciliores
958 1888 1239 1943 videntur:
1283 1890 1457 1940 ionici
1495 1891 1643 1941 enim
1684 1886 1919 1954 capituli

315 1952 576 2015 altitudo,
595 1956 764 2006 tertia
781 1971 909 2022 pars
932 1963 1019 2009 est
1039 1958 1439 2010 crassitudinis.
1497 1955 1743 2023 Antiqua
1763 1955 1917 2007 ratio

314 2026 436 2074 mat
459 2023 832 2075 columnarum
856 2026 1191 2090 altitudiniS,
1214 2027 1385 2078 tertia
1438 2041 1531 2077 ars
1554 2024 1919 2077 latitudinum
2001 2020 2002 2071 J

316 2090 554 2147 delubri.
628 2091 691 2142 ln
726 2088 1006 2160 Ephesiae
1043 2095 1262 2146 Dianae
1301 2110 1366 2147 ae
1409 2110 1458 2156 e,
1483 2093 1553 2144 de
1605 2109 1714 2161 qua
1758 2095 1918 2160 prius
2001 2120 2002 2133 κ

314 2159 426 2211 fuit
447 2173 648 2220 sermo,
672 2162 906 2227 primum
930 2164 1203 2219 columnis
1227 2164 1413 2230 spirae
1435 2162 1712 2225 subditae,
1749 2169 1808 2213 et
1832 2178 1920 2214 ca-

275 2291 284 2299 .
313 2227 495 2296 pitulo.
512 2227 720 2281 addita.
793 2230 1121 2299 Placuitque
1144 2232 1464 2285 altitudinis
1487 2238 1687 2283 octava
1704 2245 1838 2297 pars
1859 2231 1928 2283 is

315 2297 683 2352 uassitudine
705 2331 722 2360 ‚
762 2304 909 2351 erut
928 2301 1111 2366 spirae
1131 2299 1399 2354 haberent
1420 2299 1811 2353 crassitudinis
1837 2299 1921 2351 di·
1999 2300 2000 2303 ’

312 2364 576 2428 midium,
622 2367 998 2435 septimaeque
1019 2377 1201 2436 partes
1226 2369 1651 2423 detraherentur
1671 2380 1918 2420 summa·

313 2447 435 2485 rum
459 2434 834 2487 crassitudini.
908 2437 1141 2490 Praeter
1161 2434 1260 2491 has
1284 2445 1432 2500 sunt,
1478 2452 1618 2505 quae
1641 2442 1921 2488 vocantur

1998 2340 2000 2389 4

312 2504 530 2557 Atticae
564 2503 874 2567 columnae,
909 2508 1199 2574 quaternis
1230 2507 1475 2574 angulis,
1511 2507 1637 2575 pari
1670 2505 1920 2559 laterum
1997 2526 1998 2577 3

310 2572 779 2691 iqtffcffflobalcis
800 2642 858 2691 et
874 2638 937 2693 iu
966 2638 1245 2698 medicina
1265 2657 1497 2716 magnus
1518 2658 1671 2700 usus.
1743 2608 1921 2711 Eligi-
