2017 3034
132 166 432 219 NATUR.
476 167 694 222 ms‘r.
736 168 906 224 mn:
950 139 1232 228 xxxvii.
1254 172 1446 231 διες.
1501 149 1516 155 '
1553 176 1655 232 129

75 275 250 338 pertae
271 277 461 323 carent
478 271 807 325 rubentibus
828 274 982 327 venis
1005 281 1064 329 et
1085 276 1266 329 albis:
1302 278 1378 332 Et
1398 277 1503 335 bae
1524 296 1659 349 quo·

75 354 165 404 que
205 346 400 392 contra
438 342 761 407 scorpiones
784 344 1023 397 validae.
1097 346 1309 399 Eadem
1353 352 1657 402 auctoritas

73 415 125 459 et
141 409 360 474 Cypriis
388 417 492 462 est.
565 410 708 463 Sunt
740 413 834 478 qui
856 415 1115 466 maxime
1158 416 1397 481 probent
1422 417 1672 471 vitream·

74 479 513 544 perspicuitatem
541 479 602 529 in
638 478 743 551 his.
815 482 1191 548 Reperiuntur
1226 490 1285 536 et
1313 484 1373 536 in
1395 484 1656 548 Thracia,

74 551 122 597 et
139 547 280 597 circa
301 547 518 607 Oetam,
540 548 676 599 etin
694 548 992 612 Parnasso,
1033 556 1090 603 et
1113 555 1168 602 in
1192 553 1394 616 Lesbo,
1417 568 1484 607 ac
1506 556 1655 607 Mes-

76 630 208 678 sene,
247 617 461 667 similes
478 616 716 669 limitum
739 616 972 671 floribus
993 654 1010 681 ,
1053 626 1113 672 et
1131 621 1188 672 in
1212 621 1428 674 Rhodo.
1502 624 1659 676 Aliae

74 685 204 750 apud
243 683 445 751 Magos
488 684 858 739 differentiae.
927 687 1215 742 Leoninae
1252 691 1389 757 pelli
1429 692 1659 754 similes,

75 752 363 818 potentiam
404 751 612 805 habere
655 762 851 808 contra
890 758 1207 825 scorpiones
1248 760 1525 812 dicuntur.
1563 763 1661 812 *ln
1729 754 1736 770 ¹

77 821 243 873 Persis
284 837 416 874 vero
461 822 650 874 suffitu
692 839 881 878 earum
918 832 1281 893 tempestates
1323 830 1540 890 averti,
1603 833 1663 881 et

77 899 351 956 praeterea
371 890 624 945 fulmina]
694 895 1094 960 Argumentum
1109 912 1265 959 esse,
1300 898 1428 949 siin
1448 897 1663 949 ferven-

79 958 152 1010 te‘s
173 963 410 1013 cortinas
432 962 658 1015 additae
678 963 1037 1030 refrigerent:
1080 965 1177 1016 sed
1198 972 1259 1017 ut
1279 968 1515 1033 prosint,
1549 967 1662 1017 leo·

24 1090 27 1105 L
78 1028 205 1079 ainis
235 1030 381 1080 iubis
419 1031 760 1098 alligandas:
807 1047 930 1082 nam
963 1031 1214 1099 hyaenae
1244 1034 1381 1101 pelli
1422 1034 1663 1087 similem

24 1112 27 1153 ι
80 1096 866 1161 abomina‘ntur,discordialem
891 1101 1161 1154 domibus.
1199 1104 1337 1155 Eam
1356 1118 1506 1167 vero,
1523 1118 1663 1170 quae

80 1169 226 1216 unius
249 1168 452 1220 coloris
474 1170 578 1231 sit,
613 1169 881 1222 invictam
903 1170 1133 1222 athletis
1150 1187 1289 1224 esse.
1358 1173 1661 1239 Argumen-

81 1241 183 1298 tum
205 1237 338 1298 eius,
376 1237 523 1304 quod
544 1238 603 1288 in
623 1238 738 1290 olla
767 1238 932 1306 plena
954 1239 1071 1291 olei
1092 1247 1253 1292 cocta
1276 1255 1397 1291 cum
1423 1243 1665 1308 pigmen·
1758 1283 1776 1295 ,

82 1307 163 1367 tis,
181 1311 236 1356 et
256 1306 562 1372 intraduas
585 1305 750 1359 horas
773 1307 1200 1370 subfervefacta,
1224 1323 1393 1359 unum
1417 1310 1665 1359 colorem

83 1387 141 1424 ex
160 1375 406 1427 omnibus
430 1372 608 1427 faciat
642 1377 816 1431 minii.
887 1379 1107 1442 Acopos
1147 1376 1296 1427 nitro
1316 1375 1536 1427 'similis
1559 1382 1663 1438 est,

82 1442 367 1508 pumicosa,
408 1445 596 1497 aureis
639 1444 815 1511 guttis
837 1446 1084 1497 stellata.
1155 1447 1291 1496 Cum
1337 1444 1439 1497 bac
1480 1444 1665 1497 oleum

83 1511 527 1566 subfervefactum
553 1515 833 1581 perunctis
854 1513 1237 1566 lassitudinem
1259 1514 1332 1578 (si
1354 1514 1665 1577 credamus)
1705 1572 1714 1593 Ι

85 1581 254 1633 solvit.
325 1582 694 1637 Alabastrites
715 1584 965 1636 nascitur
992 1584 1050 1634 in
1080 1584 1376 1636 Alabastro
1396 1584 1664 1652 Aegypti,
1732 1596 1740 1605 ·

85 1654 133 1700 et
168 1650 220 1701 in
257 1650 459 1718 Syriae
478 1652 771 1716 Damasco,
814 1654 1061 1705 candore
1087 1654 1455 1707 ¹interstincto
1496 1653 1665 1704 variis

85 1717 364 1777 coloribus.
435 1721 595 1773 Haec
634 1729 881 1774 cremata
911 1722 1036 1774 cum
1071 1722 1256 1774 fossili
1286 1722 1406 1774 sale
1425 1737 1492 1774 ac
1511 1723 1665 1782 trita,

81 1788 371 1853 gravitates
410 1793 526 1841 oris
551 1797 608 1842 et
640 1791 887 1843 dentium
910 1797 1210 1845 extenuare
1249 1789 1471 1843 dicitur.
1542 1793 1665 1844 Ale-

82 1861 272 1911 ctorias
295 1866 495 1912 vocant
518 1860 577 1910 in
595 1861 913 1912 ventriculis
935 1860 1368 1926 gallinaceorum
1390 1860 1663 1921 inventas,

83 1928 401 1994 crystallina
425 1931 627 1995 specie,
647 1929 1030 1996 magnitudine
1053 1928 1249 1981 fabae:
1274 1927 1474 1994 quibus
1495 1927 1662 1978 Milo-

80 2010 188 2049 nem
211 1997 626 2050 Crotoniensem
649 2013 806 2049 usum
840 2000 895 2048 in
929 1996 1322 2047 certaminibus
1345 2029 1362 2055 ,
1398 1994 1660 2044 invictum

81 2062 241 2117 feisse
256 2065 440 2118 sideri
473 2067 684 2118 volunt.
756 2064 1134 2116 Androdamas
1172 2061 1389 2130 argenti
1421 2063 1659 2112 nitorem

24 2170 25 2173 ,
81 2129 250 2197 babet,
290 2140 355 2185 ut
395 2135 638 2197 adamas,
673 2134 971 2201 quadrata,
985 2146 1309 2198 semperque
1330 2130 1573 2203 tessellis
1595 2130 1665 2180 si-

24 2238 27 2261 2
82 2198 233 2255 milis.
302 2202 464 2270 Magi
489 2209 680 2270 putant
714 2217 913 2253 nomen
949 2202 1267 2267 impositum
1300 2198 1368 2251 ab
1393 2214 1478 2259 eo,
1517 2198 1665 2267 quod
1731 2246 1734 2249 ,

81 2271 305 2339 impetus
347 2272 627 2324 hominum
654 2308 671 2334 ,
712 2279 769 2323 et
810 2270 1132 2334 iracundias
1176 2264 1381 2337 do'Jnet.
1451 2269 1662 2321 Eadem
1763 2320 1770 2327 x

82 2340 166 2402 sit,
205 2355 273 2392 an
295 2341 436 2403 alia,
479 2341 878 2408 argyrodamas
898 2374 914 2402 ,
953 2344 1211 2391 auctores
1234 2353 1344 2389 non
1366 2338 1663 2405 explicant.

83 2409 392 2476 Antipatbes
433 2411 597 2478 nigra
636 2425 747 2461 non
786 2409 1109 2462 translucet.
1203 2407 1665 2473 Experimentum

85 2477 208 2541 cias,
251 2480 304 2530 si
326 2486 602 2545 coquatur
638 2480 697 2529 in
720 2479 889 2531 lacte:
930 2476 1069 2529 facit
1108 2475 1251 2529 enim
1276 2475 1383 2530 hoc
1403 2474 1665 2545 myrrhae

84 2547 251 2601 sumile
288 2548 557 2600 immissa.
631 2549 768 2600 Eam
809 2551 1003 2599 contra
1026 2544 1471 2598 effascinationes
1515 2544 1669 2595 auxi·

87 2614 207 2671 libri
229 2617 386 2683 Magi
421 2618 636 2668 volunt.
668 2654 679 2661 .
706 2616 946 2669 Arabica
986 2615 1142 2667 ebori
1165 2615 1450 2666 simillima
1469 2618 1572 2673 est,
1611 2617 1671 2661 et

87 2682 181 2739 boc
201 2687 636 2747 viden-aursni&
659 2685 929 2741 abnueret
949 2682 1173 2737 duritia.
1212 2685 1452 2804 iPutant
1473 2685 1671 2732 contra

150 2755 337 2809 Pam.
374 2757 543 2808 Tol-1.
582 2756 676 2809 V.'
