2017 3034
293 149 405 204 140
655 148 714 198 c.
794 142 1070 198 PL1N11
1143 114 1530 197 sscanm

290 251 350 305 in
391 247 559 300 viridi
594 248 910 314 capillatur,
951 247 1050 299 s'ed
1091 246 1333 298 defluvia
1372 258 1654 313 comarum
1696 242 1884 298 facero

292 319 516 372 dicitur.
588 314 728 368 Sunt
747 324 806 369 et
827 317 1063 368 aleonis
1081 317 1224 383 pelle
1236 324 1292 368 et
1315 314 1617 382 pantherae
1637 316 1887 365 nomina·

290 378 402 449 tae,
425 386 697 449 leontios,
713 386 1023 452 ,pardalica
1097 386 1262 437 Colos
1286 384 1589 450 appellavit
1614 381 1885 450 chrysoli-

290 455 446 507 thum
470 470 690 517 aureus,
726 454 1149 521 chrysoprasum
1171 452 1491 517 herbaceus,
1515 452 1754 504 melleus
1775 466 1886 503 me·

288 523 530 576 lichrota
552 542 566 574 2
612 526 857 590 quamvis
880 525 1040 589 plura
1066 527 1185 575 eius
1208 537 1412 590 genera
1430 525 1555 573 sint.
1595 519 1886 574 Melichlo·

289 609 387 645 ros
405 600 490 646 est
510 595 779 659 geminus,
821 598 979 659 parte
1019 593 1210 654 flavus,
1251 598 1411 658 parte
1432 591 1669 650 melleus
1694 589 1887 655 escto-

292 664 385 715 cia
404 662 572 714 croci.
643 659 803 712 Polia
836 662 1097 713 canitiem
1129 660 1403 728 quandam
1437 659 1612 726 sparti
1640 658 1887 710 indicat:

293 731 526 784 eandem
547 729 826 781 duriorem
851 767 870 794 ,
911 732 1071 797 nigra
1092 730 1487 796 spartopolios.
1559 728 1823 781 Rhoditis
1858 741 1893 777 a

296 815 430 852 rosa
471 805 573 851 est.
645 797 872 860 Melitis,
918 798 1055 850 mali
1097 799 1323 850 coloris.
1396 796 1678 859 chalcitis,
1724 797 1891 848 aeris.

296 868 524 934 Sycitis,
547 867 657 918 fici.
729 868 897 919 Ratio
933 868 1215 919 nominum
1246 883 1353 933 non
1382 872 1469 918 est
1499 869 1555 917 in
1578 866 1894 932 Borsycite,

244 998 247 1003 .
295 937 356 987 in
378 938 537 1004 nigro
559 950 799 996 ramosa,
843 937 1091 988 candidis
1112 944 1210 987 aut
1227 936 1543 1003 sanguineis
1563 932 1858 987 frondibus
1880 948 1894 982 :

296 1020 401 1057 nec
419 1006 644 1073 gemite,
681 1005 834 1055 velut
857 1008 910 1056 in
936 1012 1096 1071 petra
1117 1005 1366 1057 candidis
1388 1004 1640 1055 manibus
1662 1006 1813 1056 inter
1834 1017 1895 1054 se

298 1075 621 1140 complexis.
664 1073 1028 1127 Ananchitide
1052 1075 1108 1124 in
1133 1072 1532 1140 hydromantia
1549 1073 1893 1124 dicantem-

297 1145 413 1193 cari
432 1142 704 1208 imagines
728 1142 983 1192 deorum:
1040 1140 1404 1208 Synochitide
1427 1141 1654 1191 umbras
1679 1141 1892 1192 infero-

242 1270 253 1281 .
296 1224 422 1262 rum
453 1215 712 1261 evocatas
750 1212 960 1261 teneri:
1001 1209 1335 1262 Dendritidc
1375 1209 1503 1262 alba
1532 1208 1758 1260 defossa
1789 1210 1896 1260 sub

297 1281 519 1349 arbore,
561 1292 701 1346 quae
723 1279 1006 1341 caedatur,
1051 1281 1259 1330 securis
1281 1279 1455 1330 aciem
1478 1292 1585 1328 non
1619 1276 1896 1350 hebetari,

295 1349 372 1401 Et
389 1355 520 1400 sunt
540 1348 715 1399 multo
739 1349 943 1415 plures,
956 1349 1252 1416 magisque
1274 1347 1672 1411 monstrificae,
1691 1348 1895 1413 quibus

219 1448 223 1452 ·
296 1418 523 1470 barbari
546 1417 749 1468 dedere
767 1417 1008 1479 nomina,
1035 1418 1277 1468 confessi
1297 1417 1512 1484 lapides
1537 1432 1676 1469 esse.
1713 1415 1893 1470 Nobis

244 1524 259 1529 -
297 1488 437 1538 satis
466 1489 575 1537 erit
594 1488 651 1536 in
673 1484 758 1536 his
783 1488 1105 1553 coarguisse
1131 1485 1255 1537 dira
1276 1485 1580 1539 mendacia.

264 1559 270 1564 '
366 1552 617 1618 Lxxly.
658 1553 921 1605 Geminae
943 1562 1243 1607 nascuntur
1263 1560 1319 1610 et
1340 1562 1572 1620 repente
1588 1569 1785 1618 novae,
1830 1568 1899 1607 ao

234 1630 239 1637 ’
298 1624 422 1675 sine
452 1623 802 1674 nominibus:
845 1630 909 1674 ut
929 1622 1229 1689 Lampasci
1269 1624 1329 1676 in
1369 1625 1611 1677 metallis
1651 1623 1896 1686 aurariis

297 1707 411 1743 una
438 1694 676 1752 inventa,
719 1706 860 1758 quae
895 1700 1126 1760 propter
1154 1693 1623 1759 pulchritudinem
1656 1693 1899 1745 Alexan·

298 1761 401 1812 dro
442 1758 564 1827 regi
605 1762 771 1813 missa
813 1761 935 1824 fuit,
979 1769 1043 1813 ut
1086 1769 1283 1814 auctor
1325 1768 1410 1814 est
1449 1761 1895 1828 Theophrastus.

262 1828 269 1837 ’
297 1827 594 1884 Cochlides
623 1844 839 1899 quoque
872 1846 1017 1882 nunc
1044 1824 1480 1898 vulgatissimae,
1521 1833 1660 1883 fiunt
1682 1834 1897 1894 verius,

295 1911 462 2017 guam
486 1904 821 1950 nascuntur:
868 1901 928 1965 in
957 1902 1164 1952 Arabia
1183 1902 1420 1968 repertis
1442 1900 1758 1967 ingentibus
1777 1899 1900 1964 gle-

335 1967 399 2030 is,
439 1969 604 2020 melle
628 1968 857 2034 excoqui
880 1968 1112 2021 tradunt
1129 1970 1373 2037 septenis
1398 1969 1590 2021 diebus
1613 1968 1896 2021 noctibus-

298 2045 405 2102 que
425 2039 548 2089 sine
571 2037 983 2089 intermissione
1006 2055 1021 2087 ε
1050 2038 1132 2090 ita
1154 2040 1306 2090 omni
1331 2044 1551 2093 terreno
1573 2038 1896 2104 vitiosoque

295 2103 548 2168 decusso,
589 2112 877 2173 purgatam
903 2106 1206 2174 puramque
1226 2108 1466 2175 glebam,
1507 2107 1780 2158 artificum
1801 2107 1896 2157 in-

296 2175 462 2241 genio
496 2177 650 2227 varie
687 2174 948 2227 distribui
981 2176 1039 2225 in
1075 2191 1277 2237 venas,
1322 2175 1627 2240 ductusque
1649 2175 1901 2227 macula·-

297 2257 437 2307 rum,
477 2258 637 2309 quam
678 2245 918 2296 maxime
958 2244 1222 2295 vendibili
1263 2246 1480 2296 ratione
1500 2246 1898 2296 sectantium:

299 2311 687 2379 quondamque
727 2318 919 2373 tantae
954 2313 1358 2378 magnitudinis
1397 2311 1598 2374 fecere,
1634 2318 1698 2362 ut
1737 2313 1903 2379 equis

297 2394 489 2446 regum
511 2381 569 2430 in
592 2381 821 2432 Oriente
842 2379 1135 2441 frontalia,
1182 2387 1347 2446 atque
1369 2396 1470 2447 pro
1494 2380 1741 2446 phaleris
1763 2396 1901 2447 pen-

299 2447 428 2498 silia
447 2450 717 2501 tacerent.
775 2451 850 2499 Et
872 2447 1010 2499 alias
1037 2463 1226 2499 omnes
1249 2462 1500 2514 gemmae
1522 2450 1708 2501 mellis
1732 2449 1900 2502 deco-

301 2522 391 2567 ctu
418 2518 724 2577 nitescunt,
762 2516 1061 2581 praecipue
1086 2517 1332 2568 Corsici:
1376 2519 1433 2568 in
1471 2521 1618 2568 omni
1652 2518 1766 2573 alio
1792 2534 1904 2571 usu

305 2586 662 2636 acrimoniam
705 2582 1084 2635 abhorrentes.
1158 2587 1313 2648 Quae
1335 2587 1524 2637 variae
1546 2595 1704 2650 sunt,
1747 2587 1905 2639 etad

305 2657 611 2705 novitatem
638 2651 903 2719 accedere
926 2653 1237 2707 calliditate
1256 2655 1610 2722 ingeniorum
1638 2652 1907 2724 contigit,

330 2889 343 2917 Χ
