2017 3034
26 104 29 111 ›

100 150 109 159 ¹
172 112 765 207 mis-ruanis'r.
809 139 976 195 mn.
1015 133 1296 197 xxxvn.
1335 140 1537 197 21-23.
1611 142 1715 215 1³5

111 242 700 321 consulemxidimus:
740 243 841 297 ille
880 244 1222 313 proscriptus
1242 244 1479 313 fugiens,
1518 243 1663 299 hunc
1682 261 1716 300 e

108 313 358 367 fortunis
377 314 496 367 suis
520 313 776 365 omnibus
800 314 1025 367 anulum
1048 314 1281 367 abstulit
1301 329 1507 379 secum,
1550 330 1714 382 quem

111 389 331 447 certum
371 389 458 436 est
475 383 797 436 sestertium
818 383 1022 451 viginti
1061 384 1307 435 millibus
1342 387 1711 439 aestimatum.

111 448 225 506 Sed
245 453 391 504 mira
402 454 626 504 Antonii
647 451 843 506 feritas
861 459 1029 519 atque
1050 452 1292 515 luxuria,
1316 459 1549 520 propter
1566 469 1715 522 gem·

109 536 258 574 mam
301 521 727 588 proscribentis:
785 537 889 574 nec
925 524 1128 584 minor,
1145 521 1312 574 Nonii
1351 524 1715 586 contumacia,

109 591 577 659 proscriptionem
600 602 754 642 suam
778 590 1035 654 amantis,
1049 605 1173 643 cum
1194 590 1365 644 etiam
1391 591 1543 645 ferae
1556 592 1715 646 abro-

94 676 205 713 »sas
225 666 419 726 partes
439 659 694 731 corporis
716 661 1054 728 relinquant,
1073 665 1303 727 propter
1321 676 1457 728 quas
1478 676 1540 714 se
1560 662 1711 729 peri-
1761 731 1778 738 „

114 729 306 783 clitari
323 728 526 782 sciant.

114 824 145 845 ·.
179 796 363 849 xxu.
394 796 556 850 Vitia
577 797 744 873 opali,
781 796 831 848 si
853 797 1010 850 color
1030 798 1091 849 in
1112 795 1307 851 florem
1327 798 1552 864 herbae,
1574 816 1716 868 quae

112 872 346 920 vocatur
382 864 801 933 heliotropium,
848 874 1039 931 exeat,
1082 874 1182 919 aut
1225 870 1573 936 crystallum,
1617 877 1718 922 aut
1777 894 1782 897 ·

108 936 471 1007 grandinem:
492 936 543 987 si
563 937 649 997 sal
668 936 1023 1000 interveniat,
1044 943 1141 990 aut
1160 939 1446 1001 scabritia,
1460 945 1559 992 aut
1582 954 1724 1020 pun-⁵

112 1014 208 1061 cta
229 1005 411 1060 oeulis
436 1006 814 1058 occursantia:
855 1007 1156 1074 nullosque
1194 1008 1374 1077 magis
1393 1009 1549 1077 India
1569 1011 1717 1060 simi-

108 1077 359 1140 litudine
377 1075 681 1130 indiscreta
701 1077 850 1129 vitro
884 1076 1192 1130 adulterat.
1263 1078 1715 1146 Experimentum

107 1148 165 1199 in
188 1147 328 1200 Sole
346 1152 583 1200 tantum.
653 1145 838 1198 Falsis
859 1148 1004 1198 enim
1029 1154 1231 1200 contra
1267 1149 1457 1205 radios
1480 1149 1717 1210 libratis,

113 1216 295 1285 digito
316 1231 385 1269 ac
409 1216 643 1284 pollice,
681 1230 825 1266 unus
846 1222 1015 1284 atque
1055 1217 1207 1269 idem
1227 1220 1541 1271 translucet
1560 1218 1717 1270 colos

110 1285 170 1338 in
191 1300 255 1339 se
277 1291 620 1338 consumtus.
670 1283 811 1337 Veri
828 1285 1017 1354 fulgor
1041 1282 1274 1339 subind'e
1295 1287 1494 1349 variat,
1515 1292 1573 1338 ct
1594 1285 1718 1353 plus

110 1354 218 1409 huc
234 1355 487 1422 illucque
501 1357 733 1423 spargit,
771 1360 829 1405 et
850 1355 1039 1422 fulgor
1062 1356 1205 1406 lucis
1227 1355 1517 1422 in-digitos
1538 1354 1718 1406 fundi·

109 1430 218 1479 tur.
293 1426 456 1476 Hanc
497 1436 775 1491 gemmam
814 1426 1048 1493 propter
1068 1423 1325 1476 eximiam
1349 1426 1587 1492 gratiam
1608 1425 1720 1490 ple·

109 1494 272 1562 rique
311 1491 667 1560 appellavere
688 1493 1014 1559 paederota.
1086 1491 1226 1546 Sunt
1249 1500 1305 1544 et
1327 1495 1420 1561 qui
1442 1493 1718 1560 privatum
1799 1522 1808 1531 ι

114 1576 293 1631 genus
312 1564 432 1615 eius
453 1562 684 1623 faciunt,
723 1560 1115 1631 sange'nonque
1155 1562 1225 1615 ab
1259 1562 1407 1615 {ndis
1428 1563 1616 1616 vocari
1640 1562 1728 1622 di-‚

111 1638 265 1684 cunt.
300 1672 303 1675 .
343 1631 668 1684 Traduntur
689 1634 841 1695 nasci
865 1634 1001 1686 etin
1022 1636 1296 1700 Aegypto,
1340 1635 1478 1684 etin
1496 1633 1718 1695 Arabia,

115 1709 173 1756 et
192 1701 454 1754 vilissimi
477 1701 534 1752 in
557 1702 755 1754 Ponto.
825 1703 964 1755 Item
989 1703 1047 1753 in
1070 1702 1315 1767 Galatia,
1339 1718 1403 1755 ac
1425 1702 1635 1765 Thaso,
1661 1711 1720 1754 et

113 1771 321 1840 Cypro.
374 1772 589 1840 Quippe
611 1771 761 1838 opali
787 1773 1029 1836 gratiam
1055 1770 1248 1825 habet:
1273 1772 1616 1825 sedmollius
1638 1771 1720 1825 ni·

111 1846 214 1903 tet,
234 1855 371 1894 raro
391 1855 503 1893 nou
526 1841 736 1892 scaber.
793 1840 1020 1894 Summa
1039 1842 1246 1894 coloris
1268 1856 1337 1894 ex
1361 1857 1490 1894 aere
1511 1848 1570 1894 et
1590 1856 1718 1908 pur·

110 1924 256 1978 pura
278 1914 527 1962 constat:
544 1910 802 1961 viriditas
824 1911 1106 1979 smaragdi
1129 1910 1305 1964 deest.
1374 1913 1717 1976 Constatque

112 1981 318 2049 melior
338 1980 459 2044 ille,
500 1981 653 2030 cuius
672 1976 862 2047 fulgor
880 1980 1207 2049 vinicolore
1230 1978 1522 2039 fuscatur..
1552 1992 1715 2044 quam

113 2049 206 2117 qui
227 2048 472 2100 diluitur
495 2062 658 2114 aqua.

179 2118 387 2170 xxm.
413 2118 701 2180 Hactenus
724 2116 793 2170 de
806 2118 1126 2186 principatu
1140 2114 1410 2189 confremit,
1424 2115 1656 2167 mulieru
1666 2131 1718 2169 m

113 2189 361 2240 maxime
381 2184 876 2240 senatusconsulto.
946 2187 1138 2238 Minus
1161 2190 1315 2238 certa
1338 2189 1484 2246 sunt,
1507 2183 1577 2235 de
1601 2186 1719 2251 qui·

112 2258 215 2310 bus
236 2263 296 2309 et
316 2255 424 2310 viri
447 2255 716 2308 iudicant.
768 2256 1148 2322 *Singulorum
1169 2255 1312 2308 enim
1335 2252 1511 2305 libido
1533 2252 1720 2321 singu-

113 2325 185 2378 lis
207 2327 393 2393 pretia
413 2323 570 2387 facit,
611 2330 672 2376 et
691 2326 990 2392 praecipue
1010 2337 1073 2376 re
1153 2338 1225 2375 m.
1297 2322 1559 2375 Claudius
1588 2325 1724 2377 Cae·

116 2409 209 2447 sar
229 2392 564 2461 smaragdos
584 2393 867 2459 induebat,
887 2396 946 2447 et
967 2407 1061 2445 sar
1104 2391 1368 2460 onychas.
1390 2391 1608 2445 Primus
1626 2407 1723 2445 au-

115 2471 230 2517 tem
252 2464 634 2519 Romanorum
675 2459 1026 2531 sardonyche
1063 2477 1200 2514 usus
1232 2467 1321 2514 est
1340 2463 1497 2530 prior
1514 2461 1720 2512 Africa·

116 2548 252 2596 nus,
292 2539 358 2584 ut
378 2534 439 2584 in
461 2532 700 2585 historia
727 2532 910 2587 tradit
925 2529 1343 2596 DemostratuS,
1384 2538 1442 2584 et
1460 2528 1591 2582 inde
1612 2528 1719 2579 Ro·

119 2605 298 2656 manis
319 2600 462 2654 hanc
482 2616 755 2669 gemmam
775 2601 949 2654 fuisse
972 2600 1403 2654 celeberrimam.
1441 2595 1719 2660 Quamob-

121 2683 242 2725 rem
280 2672 604 2739 proximum
624 2671 699 2723 ·ei
736 2667 990 2724 dabimus
1041 2671 1244 2787 locunli'.
1265 2737 1306 2786 2
1331 2660 1720 2730 Sardonychas
1767 2688 1774 2745 ζ

487 2880 515 2887 —

1061 2912 1093 2952 Ο
