2017 3034
204 905 223 1033 “u-uon·-

196 1094 201 1103 '
287 1093 586 1143 Mucianus
606 1088 837 1156 specula
863 1104 1098 1156 quoque,
1142 1095 1199 1142 et
1215 1090 1490 1158 strigiles,
1523 1097 1585 1143 et
1607 1096 1818 1156 vestes,
1846 1096 1907 1145 e!

208 1186 215 1193 -
289 1162 658 1213 calciamenta
678 1158 846 1210 illata
866 1160 1105 1211 mortuis
1138 1159 1368 1227 lapidea
1387 1160 1510 1213 fieri
1524 1195 1540 1222 ‚
1577 1166 1782 1212 auctor
1801 1168 1904 1214 est.

262 148 355 201 m
450 115 482 173 s
600 140 1483 201 =c.P1,1N11snann1

282 257 531 305 mentum
566 254 669 312 est,
710 245 857 316 quod
896 253 1213 315 magnetem
1258 264 1476 316 quoque
1522 248 1695 302 alium
1740 250 1814 303 ad
1837 264 1901 305 so
1983 262 1989 303 s

281 320 477 376 trahit.
503 324 706 373 Omnes
729 331 916 370 autem
937 318 977 368 ii
1007 319 1298 370 oculorum
1325 319 1750 373 medicamentis
1771 336 1902 389 pro-

283 399 443 456 sunt,
486 392 557 442 ad
580 405 736 442 suam
761 389 996 458 quisque
1020 393 1362 455 portionem:
1403 391 1764 461 maximeque,
1785 393 1900 460 epi·
1987 430 1988 457 ;

254 462 490 532 ‚phoras
527 462 752 512 sistunt.
825 457 1036 511 Sanant
1059 465 1117 511 et
1137 460 1338 510 adusta
1365 461 1616 512 -cremati
1643 462 1903 528 tritique.
1979 464 1988 481 ⁴

282 533 440 588 Alius
482 547 676 582 rursus
720 531 779 580 in
816 528 1010 581 eadem
1046 528 1345 595 Aethiopia
1375 544 1485 595 non
1517 531 1717 597 procul
1739 547 1902 584 mons

286 603 468 671 gignit
492 601 735 668 lapidem
757 598 1116 662 theameden,
1154 602 1248 666 qui
1269 598 1486 651 ferrum
1514 615 1678 653 omne
1702 601 1910 669 abigit,

284 673 629 737 respuitque.
700 670 790 721 De
813 677 1051 736 utraque
1073 676 1273 721 natura
1299 674 1523 738 saepius
1543 670 1807 723 diximus.

356 740 562 793 XXVI.
602 737 872 805 Lapidem
897 754 927 790 e
951 740 1129 806 Scyro
1151 740 1341 792 insula
1361 741 1642 808 integrum
1667 739 1903 793 fluctua-

286 812 337 866 ri
362 811 611 873 tradunt,
638 809 872 861 eundem
899 814 1301 861 comminutum
1323 812 1523 879 mergi.
1991 808 1992 831 ³

358 880 591 935 XXVll.
629 882 691 933 ln
713 882 848 931 Asso
869 880 1113 933 Troadis
1151 880 1535 948 sarcophagus
1568 879 1715 947 lapis
1733 879 1909 935 fissili

288 968 429 1005 rena
450 950 742 1003 scinditur.
796 952 1047 1015 Corpora
1068 949 1462 1003 defunctorum
1481 952 1716 1002 condita
1735 954 1793 1002 in
1813 966 1907 1015 eo,
1993 1014 1994 1017 Ἴ

288 1023 507 1074 absumi
546 1025 771 1071 constat
808 1021 965 1070 intra
993 1019 1097 1071 XL
1133 1020 1298 1083 diem,
1345 1021 1599 1088 exceptis
1624 1021 1904 1074 dentibus.
1993 1024 1994 1045 ³

216 1288 219 1289 ⁷
288 1231 424 1283 Eius
447 1229 666 1299 generis
686 1234 744 1281 et
763 1228 823 1280 in
834 1229 1012 1297 Lycia
1034 1245 1173 1285 saxa
1193 1238 1337 1292 sunt,
1347 1237 1406 1281 et
1424 1231 1751 1293 in-Orien‘te,
1762 1244 1905 1298 quac

288 1301 602 1354 viventibus
625 1314 843 1368 quoque
869 1300 1202 1369 adalligata,
1227 1301 1467 1351 erodunt
1489 1314 1745 1367 corpora.

356 1368 616 1424 xxvm.
654 1370 854 1423 Mitior
894 1370 982 1422 es‘t
1023 1376 1211 1422 autem
1238 1371 1531 1422 servandis
1554 1371 1902 1438 corporibus,
1997 1390 1998 1427 ξ

289 1457 393 1494 nee
415 1440 772 1493 absumendis
795 1438 1074 1493 chernites
1092 1476 1107 1503 ,
1151 1440 1310 1491 ebori
1332 1441 1670 1504 simillimus,
1711 1442 1773 1492 in
1796 1457 1902 1510 quo

288 1512 519 1565 Darium
546 1508 826 1559 conditum
853 1507 1067 1559 ferunt:
1112 1508 1395 1578 Parioque
1428 1511 1632 1567 similis
1654 1511 1903 1563 candore

290 1588 348 1633 et
373 1579 599 1643 duritia,
611 1578 808 1651 ‘minus
829 1583 1018 1629 tamen
1041 1581 1403 1645 ponderosus,
1428 1581 1524 1648 qui
1549 1595 1721 1647 porus
1744 1595 1907 1632 voca·

287 1657 400 1702 tur.
471 1646 901 1714 Theophrastus
923 1655 1123 1700 auctor
1155 1656 1242 1701 est
1264 1655 1322 1702 et
1344 1650 1677 1702 translucidi
1697 1650 1904 1717 lapidis

289 1722 348 1772 in
369 1721 651 1784 Aegypto,
695 1730 854 1781 quem
881 1718 1021 1769 Chio
1044 1719 1282 1770 similem
1316 1719 1434 1777 aita
1472 1720 1622 1788 quod
1646 1719 1905 1773 fortassis

289 1794 425 1842 tunc
443 1787 634 1848 fuerit,
658 1787 919 1854 quoniam
945 1794 1003 1839 et
1025 1787 1070 1838 ii
1092 1789 1370 1850 desinunt,
1382 1796 1440 1841 et
1459 1790 1589 1841 novi
1613 1793 1905 1857 reperiun-
1997 1838 2000 1843 .

288 1867 402 1912 tur.
474 1857 668 1908 Assius
691 1863 859 1923 gustu
889 1857 1071 1909 salsus
1095 1860 1381 1926 podagras
1403 1860 1565 1922 lenit,
1589 1859 1829 1926 pedibus
1850 1864 1907 1913 in

289 1943 425 1982 vase
447 1941 516 1980 ex
543 1941 610 1980 eo
631 1932 829 1978 cavato
852 1927 1067 1978 inditis.
1140 1929 1445 1982 Praeterea
1467 1931 1655 1982 omnia
1678 1946 1906 1985 crurum

288 2002 431 2055 vitia
449 1998 510 2049 in
530 1997 601 2049 iis
621 1997 943 2063 lapicidinis
963 2006 1251 2062 sanantur,
1265 2015 1387 2050 cum
1401 2000 1455 2049 in
1472 2001 1716 2059 metallis
1731 2001 1907 2053 omni·

289 2071 397 2122 bus
420 2083 583 2120 crura
602 2067 889 2119 vitientur.
917 2067 1186 2120 Eiusdem
1211 2069 1420 2134 lapi-dis
1441 2067 1546 2122 flos
1568 2071 1908 2137 appellatur,

292 2143 351 2193 in
376 2139 615 2190 farinam
640 2137 844 2197 mollis,
865 2134 935 2187 ad
958 2138 1233 2203 quaedam
1256 2139 1490 2204 perinde
1513 2139 1730 2192 efficax.
1803 2144 1908 2195 Est

293 2214 482 2263 autem
522 2206 723 2257 similis
763 2207 970 2272 pumici
1014 2207 1159 2259 rufo.
1230 2194 1527 2262 Admixtus
1549 2211 1670 2271 aeri
1691 2210 1906 2278 Cyprio

293 2290 658 2333 mammarum
700 2275 838 2327 vitia
879 2277 1167 2329 emendati
1208 2278 1322 2343 pici
1362 2285 1550 2332 autem
1594 2283 1910 2344 resinaeve,

294 2356 539 2401 strumas
562 2352 619 2397 et
642 2360 815 2411 panos
840 2345 1094 2399 discutit.
1147 2346 1391 2399 Prodest
1411 2355 1467 2401 et
1487 2344 1786 2416 phthisicis
1808 2352 1912 2403 liu-

281 2426 407 2469 αα.
445 2418 579 2468 Cum
604 2416 775 2467 melle
795 2424 993 2481 vetera
1014 2414 1243 2468 hulcera
1261 2418 1332 2468 ad
1358 2418 1676 2470 cicatricem
1703 2420 1907 2487 perdu-

295 2490 406 2538 cit:
454 2485 832 2541 excrescentia
872 2485 1077 2539 erodit.
1149 2487 1225 2539 Et
1267 2487 1336 2539 ad
1359 2488 1666 2539 bestiarum
1687 2503 1910 2541 morsus

297 2556 468 2608 utilis.
541 2555 933 2622 Repugnantia
954 2556 1255 2617 curationi,
1288 2571 1356 2608 ac
1378 2565 1693 2623 suppurata
1714 2561 1913 2610 siccat.

296 2626 394 2678 Fit
416 2633 473 2679 et
490 2624 834 2690 cataplasma
856 2638 927 2675 ex
947 2637 1014 2676 eo
1044 2626 1393 2694 podagricis,
1437 2628 1617 2679 mixto
1635 2626 1812 2681 fabae
1832 2629 1915 2680 lo·

297 2703 506 2749 monto.
544 2722 549 2733 =

1023 2801 1107 2863 *F
