2017 3034
15 7 614 195 'mrim
653 121 877 175 nisr.
921 123 1087 178 Lm.
1125 121 1418 178 xxxv1.
1458 123 1511 189 4.
1626 123 1695 177 57

91 226 320 291 pteron,
362 224 609 290 pyramis
631 225 926 279 altitudine
947 225 1268 279 inferiorem
1293 223 1570 294 aequavit,
1611 223 1691 275 vi-

94 292 245 360 ginti
269 297 511 359 quatuor
536 294 796 362 gradibus
820 296 877 345 in
909 301 1093 347 metae
1115 310 1377 346 cacumen
1398 300 1697 365 se-contra·

91 360 251 414 heus.
328 361 390 411 ln
412 377 626 413 summo
652 369 736 414 est
758 363 1030 429 quadriga
1053 377 1393 424 marmorea,
1432 365 1593 429 quam
1615 361 1696 414 fe·

96 430 173 481 cit
186 428 412 495 Pythis.
432 431 587 482 Haec
609 431 833 484 adiecta
852 438 1072 484 centum
1098 432 1474 500 quadraginta
1494 430 1696 498 pedum

98 497 402 553 altitudine
427 506 604 550 totum
629 514 766 566 opus
785 501 1035 553 includit.

167 565 255 618 10.
296 568 586 620 Timothei
623 570 1006 627 manuDiana
1038 569 1248 622 Romae
1277 570 1436 621 estin
1459 540 1700 632 ralatio,

99 636 379 703 Apollinis
404 636 659 700 delubro,
689 641 780 690 cui
801 636 965 705 signo
984 645 1155 705 caput
1174 638 1424 704 reposuit
1435 637 1702 688 Aulanius

16 704 33 757 ζ’
99 704 383 757 Evander.
456 707 517 756 In
559 721 763 773 magna
800 707 1171 759 admiratione
1207 714 1294 760 est
1335 714 1391 759 et
1430 705 1704 758 Hercules

16 808 19 813 »
100 772 473 827 Menestratiz
500 783 557 826 et
582 779 793 829 Hecate
808 777 1019 844 Ephesi
1035 780 1090 829 in
1112 777 1319 843 templo
1333 777 1550 828 Dianae
1575 777 1705 841 post

16 1044 19 1119 ἱ

16 1136 19 1201 3
104 1120 286 1186 aliqui
309 1125 523 1185 putant.
596 1120 739 1172 Nam
764 1124 817 1172 Μ
866 1122 1015 1173 ronis
1037 1123 1212 1184 illius,
1241 1123 1413 1190 quiin
1437 1137 1565 1181 aere
1587 1120 1708 1172 lau·
1737 1114 1754 1141 ²
1807 1150 1814 1159 .
1879 1164 1886 1171 .
1923 1138 1934 1147 ·

102 843 320 906 aedem,
365 844 425 893 in
467 846 620 896 cuius
661 848 1124 913 contemplatione
1159 848 1461 899 admonent
1486 844 1706 896 aeditui

100 925 339 978 parcere
363 913 575 976 oculis,
618 921 777 965 tanta
803 917 1095 968 marmoris
1131 915 1378 968 radiatio
1400 920 1503 966 est.
1547 924 1550 927 ·
1575 911 1705 964 Non

16 974 19 1027 Ῐ
96 980 500 1048 postferuntur
521 977 577 1034 'et
597 983 848 1036 Charites
871 988 927 1036 in
947 987 1251 1052 propylaeo
1274 981 1707 1043 Atheniensium,

102 1065 243 1117 quas
266 1049 532 1102 Socrates
552 1051 706 1113 fecit,
743 1053 887 1109 alius
928 1054 1027 1105 ille
1049 1069 1209 1119 quam
1237 1057 1436 1121 pictor,
1473 1053 1617 1103 idem
1639 1054 1708 1100 ut

16 1232 19 1257 l
106 1187 292 1250 datur,
334 1204 475 1240 anus
518 1188 675 1242 ebria
714 1205 770 1242 es
881 1196 1112 1258 myrnae
1153 1191 1210 1241 in
1243 1192 1435 1257 primis
1473 1187 1709 1255 inclyta.

16 1278 19 1333 l

107 1255 296 1310 Pollio
321 1258 564 1320 Asinius,
587 1265 650 1310 ut
671 1259 779 1310 fuit
801 1260 945 1312 acris
966 1258 1363 1320 vehementiae,
1386 1261 1468 1308 sic
1489 1260 1709 1323 quoqub

110 1327 359 1392 spectari
382 1335 737 1381 monumenta
761 1344 866 1380 sua
886 1327 1082 1379 voluit.
1120 1329 1182 1378 In
1205 1327 1275 1378 iis
1296 1332 1425 1377 sunt
1447 1321 1711 1377 Centauri

96 1392 401 1462 ‚Nymphas
424 1404 684 1463 gerentes
705 1395 1055 1460 Archesitae,
1097 1394 1445 1463 Thespiades
1463 1395 1713 1445 Cleome-

111 1467 212 1528 nis,
252 1466 511 1518 Oceanus
529 1473 587 1519 et
606 1467 818 1535 iupiter
837 1465 1102 1528 Entochi,
1140 1465 1451 1533 Hippiades
1476 1458 1711 1529 Stepha-

111 1533 189 1594 ni,
228 1535 594 1587 Hermerotes
616 1537 894 1598 Taurisci,
936 1551 1048 1588 non
1069 1534 1369 1589 caelatoris
1392 1534 1568 1594 illius,
1607 1527 1710 1581 sed

114 1601 411 1654 Tralliani.
503 1605 717 1670 Iupiter
757 1603 1054 1672 hospitalis
1093 1604 1369 1670 Pamphili
1408 1599 1711 1669 Praxitelis

119 1669 398 1740 discipuli.
468 1673 676 1726 Zethus
713 1681 772 1727 et
799 1674 1070 1741 Amphion
1111 1680 1177 1725 ac
1207 1673 1376 1726 Dirce
1409 1678 1468 1724 et
1497 1678 1712 1729 taurus,

118 1740 604 1809 vinculumque‚ex
622 1746 814 1796 eodem
838 1743 1045 1810 lapide,
1060 1742 1259 1795 Rhodo
1283 1741 1516 1795 advecta
1541 1750 1714 1805 opera

119 1809 403 1874 Apollonii
425 1817 484 1862 et
504 1812 776 1864 Taurisci.
846 1814 1146 1875 Parentum
1180 1813 1222 1864 ii
1259 1817 1538 1863 certamen
1560 1807 1629 1859 de
1649 1820 1713 1859 se

96 1876 332 1935 -fecerm
372 1880 754 1934 Menecratem
775 1883 957 1934 videri
977 1881 1250 1948 professi,
1292 1880 1534 1931 sedesse
1555 1880 1714 1927 natu·

110 1948 292 2005 talem
314 1948 747 2001 Artemidorum.
819 1951 1031 2002 Eodem
1072 1952 1197 2002 loco
1228 1949 1400 2000 Liber
1426 1952 1587 2013 pater
1608 1943 1717 1994 Eu·

118 2015 362 2082 tychidis
378 2016 662 2085 laudatur.
701 2018 785 2070 Ad
810 2020 1075 2073 Octaviae
1097 2034 1231 2072 vero
1255 2016 1530 2084 porticum
1553 2009 1717 2078 Apol·

117 2085 173 2141 10.
194 2084 433 2138 Philisci
452 2085 669 2138 Rhodii-
697 2090 756 2139 in
801 2089 1034 2141 delubro
1065 2104 1184 2140 suo.
1254 2087 1393 2138 Item
1413 2083 1634 2135 Latona
1655 2084 1718 2131 et

116 2153 323 2217 Diana,
344 2160 402 2206 et
425 2155 622 2208 Musae
645 2150 859 2219 novem,
881 2163 945 2215 et
958 2157 1105 2209 alter
1116 2155 1314 2223 Apollo
1338 2154 1536 2204 nudus.
1557 2151 1718 2210 Eum,

155 2225 216 2275 ui
258 2221 534 2277 citharam
574 2225 629 2276 in
650 2226 842 2278 eodem
878 2227 1084 2293 templo
1117 2230 1289 2285 tenet,
1331 2218 1718 2299 Timarchides

146 2293 273 2347 ecit.
316 2294 474 2345 Intra
496 2296 764 2347 Octaviae
786 2309 921 2349 vero
984 2296 1214 2356 orticus,
1236 2293 1293 2344 in
1316 2291 1452 2343 aede
1475 2290 1718 2346 lunonis,

121 2360 305 2428 ipsam
328 2362 489 2415 deam
514 2363 842 2432 Dionysius,
863 2370 918 2415 et
940 2309 1197 2430 3olycles
1221 2362 1417 2414 aliam:
1441 2358 1717 2437 Venerem

123 2429 317 2484 eodem
338 2431 465 2484 lo‘co
488 2429 791 2484 Philiscusz
833 2438 1021 2484 cetera
1041 2435 1200 2499 signa
1219 2428 1549 2495 Praxiteles.
1620 2426 1718 2476 '1¹1-

120 2498 428 2553 marchidis
447 2498 549 2552 filii
571 2503 775 2564 lovem,
816 2503 906 2567 qui
931 2507 1017 2551 est
1038 2502 1094 2552 in
1115 2501 1366 2568 proxima
1388 2498 1545 2558 aede,
1575 2493 1718 2546 fece·

121 2575 268 2620 runt.
338 2568 495 2621 Pana
511 2576 567 2621 et
588 2572 886 2639 Olympum
908 2569 1209 2630 luctantes,
1239 2567 1571 2622 eodemloco
1595 2562 1715 2611 He·

124 2635 400 2702 liodorus,
440 2639 591 2707 quod
615 2646 704 2693 est
724 2640 963 2694 alterum
982 2639 1041 2697 in
1065 2640 1230 2692 terris
1251 2634 1598 2707 symplegma
1616 2640 1713 2677 no·
