2017 3034
207 173 513 233 NATUR.
547 171 772 229 msT.
819 171 982 228 Lm.
1022 172 1281 231 XXXV.
1319 170 1518 231 ³3·35.
1593 168 1661 230 15

68 277 297 337 ernulfi
318 277 473 338 circa
490 281 731 331 aetatem
754 274 980 330 Romuli
1001 277 1274 332 acciderit
1296 295 1523 334 necesse
1545 286 1659 334 est:

64 350 175 404 duo
195 350 347 403 enim
370 348 440 401 de
461 348 726 400 vicesima
745 347 1076 415 Olympiade
1096 348 1308 400 interiit
1324 351 1660 403 Candaules=

64 424 162 473 aut
183 423 274 484 (ut
294 416 517 485 quidam
540 416 791 479 tradunt)
813 418 1005 470 eodem
1030 431 1205 481 anno,
1245 432 1353 484 quo
1375 418 1662 484 Romulus,

65 490 177 542 nisi
201 487 399 549 fallor,
433 484 731 539 manifesta
748 488 858 537 iam
899 492 1017 537 tum
1043 486 1303 538 claritate
1327 487 1467 539 artis
1491 494 1661 556 atque

65 556 442 611 absolutione.
512 554 676 618 Quod
714 554 762 606 si
783 557 955 620 recipi
977 569 1203 607 necesse
1230 560 1344 618 est,
1388 556 1553 608 simul
1571 571 1665 624 ap·

65 632 226 695 paret
264 624 445 676 multo
486 625 802 676 vetustiora
837 624 1107 690 principia
1141 639 1282 687 esse,
1324 639 1529 693 eosque
1568 625 1665 692 qui

68 693 529 749 monochromata
547 693 852 760 pinxerint,
896 697 1148 760 (quorum
1174 701 1331 747 aetas
1355 708 1462 747 non
1484 694 1661 747 tradi·

68 769 179 828 tur)
219 763 512 830 aliquanto
548 768 679 814 ante
714 761 910 813 fuisse:
951 762 1377 829 Hygiemonem,
1419 763 1664 829 Diniam,

62 832 459 903 mumadam,
496 836 553 882 et
589 829 682 896 qui
718 832 926 896 primus
945 831 1004 882 in
1028 831 1243 897 pictura
1276 847 1487 885 marem
1509 833 1665 885 femi·

66 908 311 970 §nmque
350 898 633 960 discrevit,
670 899 972 950 Eumarum
1009 899 1418 964 Atheniensem,
1460 901 1665 970 figuras

71 984 261 1024 omnes
285 968 499 1019 imitari
518 982 741 1039 ausum:
780 969 983 1035 quique
1015 968 1238 1022 inventa
1261 969 1381 1022 eius
1405 970 1667 1040 excoluit,

72 1042 361 1095 Cimonem
386 1036 742 1090 Cleonaeum.
815 1037 928 1088 Hic
949 1037 1292 1104 catagrapha
1310 1039 1541 1103 invenit,
1560 1040 1666 1093 hoc

72 1116 172 1171 est,
214 1108 475 1174 obliquas
495 1106 792 1174 imagines:
837 1111 896 1156 et
917 1109 1069 1158 varie
1090 1107 1336 1160 formare
1355 1110 1560 1171 vultus,
1578 1123 1665 1162 re·

71 1177 388 1246 spicientes,
409 1176 901 1242 suspicientesque,
924 1180 981 1227 et
1001 1174 1379 1240 despicientes.
1450 1179 1668 1230 Articu-

71 1248 137 1301 lis
156 1248 334 1298 etiam
378 1244 626 1297 membra
646 1242 919 1294 distinxit.
989 1245 1179 1296 Venas
1201 1245 1470 1311 protulit:
1511 1259 1670 1311 prae-

73 1321 159 1369 ter
196 1331 272 1368 ue
295 1316 352 1365 in
376 1317 535 1369 veste
557 1318 614 1364 et
633 1327 801 1378 rugas
825 1320 883 1363 et
904 1310 1059 1363 sinus
1080 1311 1308 1363 invenit.
1379 1312 1668 1368 Panaenus

12 1426 13 1429 ,
80 1332 299 1452 qdnm
320 1381 500 1434 frater
518 1378 770 1442 Phidiae,
781 1382 946 1436 etiam
972 1380 1237 1447 proelium
1258 1378 1667 1433 Atheniensium

34 1478 41 1487 ·
77 1453 371 1507 adversum
405 1450 610 1504 Persas
649 1449 796 1517 apud
835 1447 1171 1500 Marathona
1225 1449 1427 1501 factum
1474 1451 1667 1518 pinxit.

76 1523 225 1577 Adeo
262 1521 385 1573 iam
424 1510 671 1572 colorum
710 1532 849 1569 usus
888 1518 1258 1581 increbuerat,
1301 1518 1549 1586 adeoque
1578 1533 1669 1573 ars

74 1591 325 1663 perfecta
346 1596 485 1653 erat,
503 1591 643 1640 utin
662 1602 729 1641 eo
752 1589 967 1655 proelio
990 1587 1241 1640 iconicos
1266 1587 1434 1641 duces
1456 1589 1669 1656 pinxis-

77 1676 141 1715 se
154 1661 437 1729 tradatur,
457 1656 873 1710 Atheniensium
893 1656 1226 1739 Miltiadem,
1247 1657 1670 1724 Callimachum,

20 1778 25 1897 3
78 1727 1080 1858 Qffissffsffssfisszwsssszffae
1102 1725 1550 1862 mma..
1575 1794 1676 1849 fl..

76 1874 236 1923 rente
258 1881 330 1919 eo
350 1865 668 1918 institutum
690 1868 777 1916 est
803 1863 1058 1916 Corinthi
1080 1880 1146 1918 ac
1164 1865 1423 1933 Delphis:
1444 1867 1676 1932 primus·

24 1956 31 2069 ε
79 1948 217 2077 ..μμ
220 1935 478 2057 βεεξῑῗ
492 1932 1677 2072 .f‚⁶{›²;²5iss.::¹·3.'¹.{¹¹22³;²;3„effinse

28 2074 31 2129 ἰ
81 2078 330 2131 carmine
368 2080 587 2126 vetusto
625 2077 875 2142 apparet,
922 2071 1308 2124 chronicorum
1343 2085 1534 2125 errore
1565 2087 1678 2126 non

30 2140 35 2217 ᾗ
78 2142 273 2207 dnbio.
346 2142 454 2196 Alii
477 2142 695 2211 quoque
714 2148 847 2210 post
884 2140 987 2193 hos
1028 2142 1164 2192 clari
1186 2140 1343 2192 fuere
1363 2146 1491 2193 ante
1512 2154 1677 2194 nona-

32 2220 33 2227 ’
80 2213 358 2285 §unimam
401 2211 806 2283 Olympiadem,
850 2211 997 2261 sicut
1041 2209 1385 2276 Polygnotus
1415 2208 1677 2274 Thasius,

80 2280 178 2359 „a
200 2284 419 2351 primus
437 2281 700 2334 mulieres
720 2278 910 2331 lucida
947 2283 1101 2330 veste
1137 2278 1339 2346 pinxit,
1382 2280 1569 2345 capita
1589 2292 1679 2330 ea-

80 2362 207 2405 nu
231 2349 416 2404 mitris
433 2349 864 2411 versicoloribus
885 2347 1127 2415 operuit,
1165 2347 1679 2414 plurimumque‘pi-
1709 2410 1713 2415 p

80 2422 278 2475 durae
311 2418 523 2486 primus
560 2417 815 2473 contulit.
888 2416 1172 2486 Siquidem
1192 2416 1441 2468 instituit
1462 2431 1525 2468 os
1546 2417 1680 2468 ada·

84 2488 297 2559 perire,
340 2489 536 2542 dentes
558 2485 884 2546 ostendere,
925 2486 1137 2537 vultum
1159 2486 1230 2538 ab
1250 2486 1477 2552 antiquo
1498 2486 1686 2550 rigore
1705 2512 1712 2517 -

78 2556 331 2615 mian-e.
396 2557 582 2610 Huius
603 2564 689 2609 est
707 2554 905 2609 tabula
926 2556 983 2606 in
1009 2548 1226 2622 porticu
1251 2553 1517 2621 Pompeii,
1540 2565 1684 2618 quae

40 2556 462 3009 Γῦιπίαπι
486 2628 604 2680 eius
628 2626 840 2680 fuerat:
864 2623 920 2674 in
940 2638 1050 2691 qua
1071 2623 1371 2684 dubitatur,
1392 2619 1687 2673 ascenden·

249 2713 374 2750 cum
418 2698 618 2766 clypeo
657 2693 926 2764 pinxerit,
960 2708 1034 2746 an
1066 2692 1506 2755 descendentem.
1576 2684 1692 2738 Hic

704 2795 737 2811 Q
