2017 3034
1227 46 1268 69 φ

306 128 372 186 ιο
512 154 520 159 -
687 127 1547 204 ο.Ρι.ιΝιιεΕουΝι)ι

374 228 549 288 xvn.
588 229 873 302 Sino'idis
908 234 1176 287 Ponticae
1207 233 1442 298 selibra,
1480 231 1605 287 silis
1638 231 1816 288 lucidi
1842 219 1930 291 115
2005 236 2006 257 ³

303 302 420 356 bris
441 305 513 367 X,
535 311 592 356 et
612 304 806 356 melini
830 303 1184 356 Graeciensis
1203 304 1418 357 duabus
1439 303 1632 356 mixtis
1650 304 1923 371 tritisque

304 388 432 457 una,
454 388 556 440 per
578 373 697 425 dies
719 373 839 435 Xll,
860 372 1258 439 leucophorum
1280 374 1358 437 fit,
1378 371 1502 429 hoc
1495 379 1614 437 est,
1637 373 1925 443 glutinum

303 445 447 505 auri,
470 457 590 510 cum
609 442 892 494 inducitur
911 442 1086 510 ligne.

373 511 568 565 xvlu.
590 511 962 564 Paraetonion
989 520 1191 564 nomen
1215 510 1327 562 loci
1349 509 1520 564 habet
1539 526 1611 565 ex
1629 512 1923 580 Aegypto.

305 596 558 650 spumam
581 582 753 633 maris
777 596 900 634 esse
940 581 1132 633 dicunt
1163 580 1461 633 solidatam
1485 596 1611 634 cum
1634 581 1771 634 limo
1795 598 1809 634 ε
1856 586 1924 634 et

305 652 435 705 ideo
459 650 704 704 conchae
739 650 989 703 minutae
1023 650 1382 703 inveniuntur
1414 652 1472 701 in
1497 667 1584 707 eo.
1653 650 1748 702 Fit
1772 655 1832 702 et
1853 650 1922 704 in

308 722 476 774 Creta
515 720 720 784 insula,
758 726 926 788 atque
962 721 1226 788 Cyrenis.
1296 719 1663 772 Adulteratur
1701 720 1924 775 Romae
2005 776 2006 791 χ

308 797 464 843 creta
504 790 745 842 Cimolia
773 791 1059 853 decocta,
1113 788 1618 856 conspissataque.
1666 789 1926 843 Pretium
2005 820 2006 845 }

309 861 522 944 optimo
568 861 626 911 in
650 859 834 926 pondo
878 873 994 920 sex,
1036 858 1089 910 X
1128 858 1171 908 l.
1242 861 1290 910 E
1332 859 1584 911 candidis
1630 858 1924 912 coloribus
2005 856 2006 885 ³

307 932 762 1056 Ειιςιιῖεείιιιιιιιι,
801 935 860 982 et
900 926 1154 983 tectoriis
1195 929 1643 993 tenacissimum,
1683 933 1926 996 propter

368 1014 588 1053 evorem

377 1069 530 1121 XIX.
552 1068 825 1121 Melinum
856 1065 1152 1119 candidum
1184 1072 1241 1119 et
1279 1068 1458 1134 ipsum
1494 1073 1600 1129 est,
1642 1030 1925 1135 optimum

309 1138 370 1193 iu
393 1139 546 1192 Melo
577 1138 777 1190 insula.
849 1139 912 1189 ln
948 1136 1116 1194 Samo
1147 1152 1367 1218 quoque
1398 1139 1671 1191 nascitur·
1716 1137 1820 1188 sed
1851 1151 1925 1193 eo

311 1222 421 1261 nou
443 1214 678 1259 utuntur
693 1208 941 1273 pictores
955 1209 1185 1274 propter
1205 1207 1428 1258 nimiam
1453 1205 1925 1275 pinguitudinem.

278 1279 652 1341 ,Accubantes
677 1277 950 1329 effodiunt
977 1277 1091 1338 ibi,
1127 1276 1277 1328 inter
1308 1290 1447 1331 saxa
1477 1290 1650 1328 venas
1674 1281 1926 1329 scrutari.
2004 1268 2006 1315 l

311 1353 415 1401 tes.
470 1348 550 1400 Ιιι
574 1346 854 1399 medicina
873 1347 1111 1399 eundem
1135 1346 1292 1397 usum
1316 1344 1502 1413 habet,
1521 1360 1679 1414 quem
1698 1344 1932 1398 Eretria
2005 1334 2006 1403 ἶ

312 1423 485 1470 creta.
558 1415 856 1471 Praeterea
888 1415 1137 1482 linguam
1169 1421 1325 1469 tactu
1365 1415 1557 1467 siccat.
1627 1413 1783 1466 Pilos
1826 1413 1927 1466 de-
2005 1414 2006 1429 ¹

313 1485 493 1537 trahit
511 1491 569 1536 et
590 1485 832 1550 mitigat.
921 1484 1207 1535 Pretium
1192 1500 1249 1535 ιιι
1270 1484 1445 1536 libras
1467 1484 1721 1537 sestertii
1741 1484 1931 1548 singu·
2005 1500 2006 1541 3

312 1554 378 1607 li.
451 1554 555 1604 Est
578 1560 634 1606 et
657 1554 812 1604 colos
841 1554 1044 1605 tertius
1069 1569 1098 1605 e
1120 1550 1396 1616 candidis,
1436 1567 1728 1615 cerussae,
1767 1555 1929 1604 cuius
2005 1558 2006 1603 ζ

314 1624 589 1677 rationem
611 1622 671 1672 in
695 1621 906 1689 plumbi
927 1606 1172 1674 metallis
1207 1622 1466 1674 diximus.
1538 1622 1675 1674 Fuit
1694 1627 1753 1673 et
1773 1626 1932 1674 terra
2005 1624 2006 1679 ἴ

316 1706 417 1759 per
438 1706 498 1744 se
518 1694 577 1743 in
599 1689 878 1743 Theodoti
915 1690 1086 1743 fundo
1120 1692 1351 1744 inventa
1380 1690 1669 1760 Smyrnae,
1708 1706 1821 1758 qua
1838 1705 1934 1744 ve·
2005 1690 2006 1711 ³

316 1768 468 1814 teres
509 1760 580 1812 ad
624 1760 844 1823 navium
885 1760 1132 1827 picturas
1175 1760 1493 1814 utebantur.
1564 1761 1724 1815 Nunc
1747 1759 1933 1813 omnis
2005 1758 2006 1783 ³

319 1845 389 1885 ex
413 1831 638 1896 plumbo
660 1834 719 1881 et
736 1834 897 1883 aceto
917 1829 1000 1892 fit,
1039 1836 1121 1881 ut
1126 1829 1392 1883 diximus.

389 1899 512 1951 XX.
551 1900 690 1951 Usta
714 1913 845 1953 casu
869 1904 1096 1965 reperta
1117 1899 1371 1951 incendio
1395 1898 1620 1952 Piraeei
1642 1936 1659 1962 ,
1699 1911 1938 1953 cerussa

319 1969 377 2025 in
402 1968 547 2020 orcis
573 1974 835 2020 cremata.
905 1970 1032 2020 Hac
1054 1969 1266 2034 primus
1286 1984 1419 2021 usus
1443 1974 1530 2021 est
1550 1969 1738 2021 Nicias
1758 1983 1936 2036 supra

321 2037 522 2091 dictus.
597 2037 824 2103 Optima
842 2053 989 2090 nunc
1006 2039 1257 2091 Asiatica
1278 2037 1535 2101 habetur,
1565 2052 1707 2105 quae
1728 2044 1786 2090 et
1805 2053 1937 2106 pur

322 2122 499 2176 purea
521 2107 854 2175 appellatur.
926 2107 1176 2163 Pretium
1204 2107 1322 2159 eius
1342 2108 1401 2159 in
1421 2106 1596 2158 libras
1618 2106 1674 2158 X
1693 2106 1787 2159 Vl.
1835 2107 1938 2160 Fit
2005 2120 2006 2139 ³

325 2183 384 2231 et
403 2177 613 2230 Romae
636 2182 883 2229 cremato
900 2177 1010 2229 sile
1033 2191 1400 2244 marmorum,
1440 2181 1499 2229 et
1515 2175 1787 2230 restincto
1809 2190 1937 2230 ace·

323 2253 405 2300 to.
478 2245 610 2299 Sine
630 2253 761 2298 usta
780 2260 889 2297 non
911 2246 1052 2298 fiunt
1073 2247 1319 2298 umbrae.
2005 2286 2006 2311 2

395 2313 545 2367 XXI.
584 2314 810 2375 Eretria
830 2321 1020 2368 terrae
1048 2329 1184 2368 suae
1214 2314 1383 2366 habet
1401 2328 1620 2367 nomen.
1675 2288 1819 2365 Hac
1839 2312 1940 2367 Ni-

327 2381 624 2437 eumachus
645 2390 703 2434 et
720 2383 1051 2437 Parrhasius
1068 2385 1174 2436 usi.
1229 2383 1564 2450 Refrigerat,
1585 2383 1940 2450 emollitque.

325 2453 536 2519 Explet
555 2453 802 2516 vulnera,
821 2469 870 2505 si
880 2459 1169 2522 coquatur
1187 2489 1203 2516 ,
1249 2453 1319 2517 ad
1354 2452 1617 2510 siccanda
1638 2452 1944 2519 praecipue

251 2558 257 2565 -
327 2523 508 2586 utilis,
549 2527 608 2575 ct
629 2522 829 2590 capitis
849 2522 1157 2585 doloribus,
1189 2526 1247 2574 e't
1267 2523 1338 2574 ad
1360 2520 1822 2589 deprehendenda
1842 2535 1943 2587 pu·
2005 2556 2006 2567 ι

325 2607 410 2648 ra.
480 2589 723 2645 Subesse
762 2591 910 2645 enim
939 2606 1011 2646 ea
1039 2590 1382 2661 intelligunt,
1424 2594 1474 2644 si
1505 2606 1577 2645 ex
1605 2606 1753 2659 aqua
1790 2589 1943 2679 illita

311 2677 439 2716 ἰιοιι
461 2665 694 2715 arescat.
