2017 3034
307 158 379 212 88
524 154 533 160 ”
709 152 1119 209 e.P1.1N11
1176 149 1550 207 SECUNDI

308 256 588 313 acerrimo
611 258 825 313 effectu
897 254 1017 327 Nec
1039 272 1152 310 non
1173 235 1232 310 et
1250 262 1408 309 trans
1426 240 1612 322 Alpes,
1633 267 1773 322 quas
1798 265 1910 321 pas-

305 330 552 382 sernices
591 336 816 411 vocant:
888 320 1104 391 Quarta
1137 318 1286 383 ratio
1326 325 1413 378 est
1453 326 1644 381 saliva
1674 323 1912 375 homins

308 398 742 481 proficientium,
782 414 842 449 ιιι
863 399 1270 451 tonstrinarum
1290 395 1550 458 officinis,-
1568 393 1790 446 inutilis
1810 392 1914 446 fra·

250 491 255 495 ·
311 468 419 536 gili
440 468 702 521 mollitia.
775 466 1185 520 Flaminitanae
1228 480 1299 518 ex
1334 464 1613 533 Hispania
1653 463 1916 517 citer'nre

307 540 370 591 in
393 554 459 591 eo
478 551 683 605 genere
703 538 1055 604 praecipuae.

377 605 633 659 XLVIII
668 606 716 657 E
757 606 975 672 reliqua
1012 603 1374 657 multitudine
1411 604 1663 670 lapidum
1686 637 1706 679 ,
1767 584 1918 654 eurus

309 676 581 731 aedificiis
614 674 831 728 inutilis
864 684 953 728 est
978 675 1329 726 mortalitate
1371 674 1666 729 mollitiae.
1741 671 1917 733 Quae-

310 749 437 809 dam
461 753 651 798 tamen
689 732 814 795 loca
846 760 960 796 non
989 741 1169 796 alium
1192 743 1427 807 habent,
1464 745 1610 795 sicut
1634 742 1916 808 Carthago

303 819 361 868 in
384 805 592 869 Africa.
664 815 977 866 Exercetur
1009 813 1202 864 halitu
1243 815 1432 874 maris,
1478 812 1714 866 fricatur
1733 816 1916 871 vento,

215 924 221 929 -
308 893 365 940 et
386 887 715 939 verberatur
736 884 948 935 imbri.
995 882 1106 935 Sed
1137 898 1272 935 cura
1301 889 1529 936 tuentur
1559 881 1801 950 picando
1821 893 1917 946 pa-

303 956 499 1018 rietes,
542 955 804 1021 quoniam
826 959 884 1006 et
907 953 1136 1005 tectorii
1162 953 1317 1005 calce
1349 951 1588 1004 roditur.
1658 951 1916 1017 Sciteque

305 1027 539 1077 dictum·
545 1031 655 1106 est,
691 1024 762 1075 ad
796 1028 954 1074 tecta
992 1037 1089 1075 eos
1123 1024 1274 1089 pice,
1316 1021 1388 1074 ad
1418 1023 1606 1073 vinum
1641 1021 1794 1074 calce
1802 1018 1917 1102 pti,

306 1097 566 1163 quoniam
610 1093 693 1144 sic
732 1099 920 1143 musta
957 1092 1242 1146 condiunt.
1322 1092 1448 1144 Alia
1473 1090 1730 1145 mollitia
1768 1089 1918 1140 circa

303 1164 541 1216 Romam
577 1162 858 1225 Fidenati,
901 1167 958 1214 et
997 1159 1367 1214 Alban0.1n
1405 1158 1672 1229 Liguria
1684 1173 1919 1226 quoque,

206 1258 211 1262 ·
302 1233 553 1292 Umbria,
596 1238 654 1284 et
673 1230 936 1295 Venetia,
975 1232 1134 1284 albus
1168 1226 1316 1298 lapis
1342 1230 1572 1284 dentata
1587 1245 1749 1283 serra
1766 1241 1918 1280 seca·

302 1315 417 1354 tur.
488 1303 569 1354 Hi
588 1302 913 1357 tractabiles
934 1303 992 1353 in
1019 1317 1215 1368 opere,
1260 1298 1511 1355 laborem
1535 1315 1750 1368 quoque
1774 1297 1915 1350 tole-

303 1377 454 1456 rant,
493 1373 595 1427 sub
628 1377 779 1424 tecto
814 1370 1124 1424 dumtaxat.
1192 1372 1497 1439 Aspeigine
1532 1378 1591 1423 et
1615 1371 1745 1437 gelu
1766 1368 1921 1434 prui-

307 1444 506 1508 nisque
528 1447 858 1523 rumpuntur
886 1442 945 1492 in
973 1446 1180 1494 testas·
1223 1455 1324 1492 nec
1360 1446 1556 1492 contra
1575 1439 1837 1491 humores
1857 1443 1920 1490 et

307 1525 501 1564 auram
534 1512 704 1562 maris
738 1512 973 1563 robusti.
1048 1510 1336 1587 'liburtini
1367 1510 1441 1563 ad
1471 1509 1693 1577 reliqua
1722 1508 1918 1570 fortes,

304 1594 516 1646 vapore
540 1579 859 1632 dissiliunt.

376 1648 576 1701 XLIX.
617 1649 781 1718 Nigri
806 1649 995 1703 silices
1034 1649 1259 1715 optimi·
1322 1647 1653 1715 quibusdam
1681 1647 1744 1699 in
1771 1647 1922 1698 locis

305 1722 364 1770 et
382 1719 661 1770 rubentes.
731 1718 1128 1785 Nonnusquam
1150 1731 1283 1769 vero
1305 1724 1362 1769 et
1380 1719 1514 1781 albi,
1533 1719 1678 1770 sicut
1695 1718 1760 1769 in
1780 1717 1921 1768 Tar·

305 1787 581 1854 quiniensi
595 1789 875 1839 Anicianis
898 1787 1215 1855 lapicidinis
1239 1786 1390 1839 circa
1409 1787 1590 1838 lacum
1599 1786 1922 1840 Volsinien-

256 1859 271 1873 ”
302 1873 441 1910 sem.
514 1858 623 1908 Et
607 1874 664 1908 m
688 1856 1028 1910 Statoniensi
1050 1863 1197 1919 sunt,
1218 1856 1412 1923 quibus
1434 1871 1504 1908 ne
1527 1858 1667 1923 ignis
1688 1854 1920 1924 quidem
1963 1888 1974 1899 ψ

301 1932 489 1980 nocet.
558 1926 737 1978 Iidem
773 1933 830 1979 et
860 1929 916 1978 in
945 1926 1317 1978 monumentis
1347 1924 1569 1995 scalpti,
1610 1938 1809 1978 contra
1826 1941 1921 1978 ve·

301 1998 570 2049 tustatem
592 2012 810 2066 quoque
830 1996 1139 2065 incorrupti
1160 2003 1507 2063 permanent.
1597 1996 1715 2047 Ex
1702 1995 1772 2049 iis
1793 1993 1914 2048 for-

300 2083 428 2121 mae
450 2069 606 2130 fiunt,
648 2069 704 2118 in
729 2068 928 2135 quibus
950 2082 1085 2120 aera
1106 2066 1431 2119 funduntur.
1503 2066 1609 2118 Est
1636 2071 1693 2117 et
1712 2063 1933 2118 viridis'

301 2139 467 2200 silex,
506 2137 865 2190 vehementer
904 2137 1026 2204 igni
1055 2137 1342 2199 resistens,
1378 2133 1488 2189 sed
1517 2149 1792 2201 nusquam
1825 2148 1926 2188 co·

298 2208 522 2288 piosus:
568 2212 625 2258 et
646 2206 739 2258 ubi
766 2207 1064 2269 invenitur,
1107 2207 1268 2274 lapis,
1310 2221 1422 2258 non
1456 2219 1653 2257 saxum
1684 2210 1792 2256 est.
1867 2204 1919 2257 E

297 2276 533 2342 reliquis
556 2275 831 2341 pallidus
816 2293 875 2328 m
898 2281 1185 2329 caemento
1206 2289 1337 2327 raro
1361 2276 1537 2327 utilis.
1610 2273 1920 2337 Glob'osus‚

300 2352 501 2397 contra
534 2345 769 2396 iniurias
804 2344 988 2408 fortis,
1031 2344 1150 2398 sed
1165 2343 1237 2396 ad
1267 2351 1607 2399 structuram
1642 2342 1920 2405 infidelis,

302 2414 412 2466 nisi
433 2414 611 2466 multa
632 2414 1035 2467 suffrenatione
1058 2413 1363 2468 devinctus.
1441 2414 1558 2468 Nec
1581 2413 1791 2468 certior
1816 2411 1922 2466 ssu-

302 2484 538 2545 viatilis,
566 2498 789 2549 semper
809 2484 980 2542 veluti
1002 2483 1254 2543 madens.

371 2553 437 2613 L
471 2552 797 2606 Remedium
842 2561 928 2603 est
964 2552 1023 2604 in
1062 2552 1254 2619 lapide
1296 2553 1487 2618 rubro,
1527 2558 1746 2607 aestate
1786 2565 1921 2606 eum
2011 2564 2012 2579 ¹

304 2623 566 2686 eximere,
607 2636 713 2674 nec
734 2626 861 2672 ante
881 2623 1163 2677 biennium
1191 2638 1318 2675 eum
1338 2623 1584 2677 inserere
1606 2630 1782 2685 tecte,
1819 2622 1922 2673 do·
2011 2664 2012 2669 ,

300 2691 504 2746 mitum
530 2691 968 2760 tempestatibus.
1042 2693 1201 2756 Quae
1229 2708 1301 2746 ex
1320 2707 1388 2748 eo
1409 2693 1564 2748 laesa
1581 2692 1814 2756 fuerint,
1858 2690 1922 2744 in
