2017 3034
290 132 409 214 1321.
675 157 733 206 c.
767 153 1055 206 Pmnu
1095 148 1491 204 *securim

292 272 407 316 tem
441 259 610 313 binae
649 254 738 309 vel
781 263 992 308 ternae.
1066 253 1403 306 Gasidanem
1446 250 1602 305 Medi
1642 250 1898 313 mittunt,

293 330 498 385 coloris
537 328 775 389 orobini,
812 325 984 377 veluti
1019 322 1247 374 floribus
1289 337 1560 388 sparsam.
1632 321 1899 373 Nascitur

296 407 352 454 et
373 402 430 451 in
451 396 683 450 Arbelis.
754 397 911 447 Haec
941 407 1157 460 quoque
1185 406 1409 459 gemma
1438 390 1731 457 concipere
1765 390 1899 459 dici·

295 479 408 529 tur,
450 472 506 518 et
542 467 692 516 intra
724 479 785 516 se
814 469 1035 529 partum
1069 461 1241 512 fateri
1271 475 1556 521 concussa,
1595 459 1892 525 concipere

295 543 480 591 autem
501 535 774 585 trimestri
805 532 1008 598 spatio.
1084 531 1454 612 Qsopetgq
1465 527 1895 599 jirfflefflsjssnii·

272 609 368 671 *lis
390 603 659 661 humanae
683 616 791 652 non
812 602 869 651 in
891 606 1046 653 terra
1066 615 1213 650 nasci
1236 590 1459 663 dicitur,
1479 600 1578 652 sed
1601 597 1894 661 deficiente

297 664 959 743 ᾖῃῇξρῄἓξῑαῖᾶεᾷᾶξῇζ
994 669 1297 721 memoriae
1319 667 1890 737 quoque‘necessaria.

298 742 459 809 Quod
481 757 552 794 ne
572 735 859 793 cr'edamus
878 774 894 801 ‚
935 738 1191 804 promissi
1221 734 1440 804 quoque
1471 738 1691 790 vanitas
1713 736 1891 787 facit:

297 815 496 865 ventos
528 812 673 863 enim
704 825 771 861 ea
807 807 1095 874 comprimi
1126 812 1372 858 narrant.
1443 806 1733 874 Gorgonia
1753 803 1894 864 nihil

296 879 452 937 aliud
497 884 604 940 est,
648 893 811 947 quam
856 876 1186 944 corallium:
1230 876 1471 927 nominis
1511 889 1705 935 causa,
1745 871 1896 941 quod

294 952 354 1002 in
379 947 647 999 duritiam
668 944 872 1012 lapidis
903 949 1174 995 mutatur.
1243 945 1478 996 Emollit
1499 943 1696 996 maria.
1767 942 1898 992 Ful-

296 1017 540 1069 minibus
562 1022 618 1067 et
653 1011 1510 1087 *XRh⁰F,i„..[Qistel'ss-ffiffil'nffiflsst·
1583 1004 1906 1063 Goniaefflii‘

282 1075 1143 1140 ‘effi'fifffixiita‘te-fnimicoruffi
1172 1095 1381 1146 poenas
1407 1079 1624 1133 efficere
1659 1079 1892 1146 promit-

297 1160 447 1208 tunt.
688 1159 700 1171 ⁹
898 1184 903 1187 Ἴ

368 1222 488 1274 LX.
524 1219 941 1285 Heliotropium
976 1217 1229 1269 nascitur
1255 1217 1314 1268 in
1327 1217 1649 1284 Aethiopia,
1689 1215 1897 1278 Africa,

299 1294 505 1359 Cyprn,
541 1287 1049 1357 porracei·coloris,
1090 1287 1411 1353 sanguineis
1443 1289 1595 1339 venis
1617 1286 1897 1338 distincta.

298 1361 482 1428 Causa
504 1361 762 1420 nominis,
804 1358 1062 1425 quoniam
1097 1357 1314 1409 deiecta
1347 1358 1403 1408 in
1423 1372 1520 1409 vas
1544 1370 1741 1424 aquae,
1782 1353 1896 1406 ful-

295 1438 487 1498 gorem
511 1426 658 1478 Solis
678 1427 934 1479 accendit
956 1427 1262 1492 sanguineo
1283 1438 1633 1494 repercussu,
1651 1426 1898 1479 maxime

294 1496 641 1562 Aethiopica.
712 1496 922 1547 Eadem
947 1501 1108 1548 extra
1139 1511 1339 1563 aquam
1373 1495 1584 1562 speculi
1607 1495 1774 1546 modo
1799 1489 1901 1546 So·

296 1567 408 1618 lem
449 1564 684 1630 accipit,
727 1562 1199 1632 deprehenditque
1240 1565 1492 1617 defectus
1513 1601 1530 1629 ,
1568 1563 1900 1616 subeuntem

292 1634 514 1687 Lunam
548 1632 859 1685 ostendens.
929 1633 1225 1701 Magorum
1255 1632 1637 1700 impudentiae
1664 1632 1758 1684 vel
1779 1646 1901 1682 ma·

297 1701 719 1755 nifestissimum
758 1700 864 1752 hoc
888 1717 1107 1770 quoque
1149 1705 1463 1768 exemplum
1488 1709 1593 1765 est,
1637 1701 1901 1770 quoniam

299 1771 551 1841 admipta
569 1769 740 1821 herba
760 1770 1101 1838 heliotropio
1122 1807 1139 1834 ,
1202 1772 1528 1838 quibusdam
1554 1786 1774 1839 quoque
1797 1770 1898 1821 ad-

297 1838 431 1892 ditis
464 1840 1020 1905 praecantationibus
1038 1876 1053 1903 ,
1092 1849 1374 1908 gerentem
1399 1842 1645 1908 conspici
1672 1846 1902 1906 negent.

248 1962 255 1965 ⁷
294 1907 681 1977 Hephaestitis
705 1923 923 1976 quoque
952 1911 1169 1976 speculi
1203 1918 1458 1962 naturam
1487 1910 1655 1962 habet
1688 1910 1745 1961 in
1768 1908 1899 1960 red·

293 1978 490 2030 dendis
513 1979 866 2046 imaginibus,
887 1993 1197 2045 quanquam
1222 1981 1475 2032 rutilans.
1534 1979 1899 2046 Experimen-

292 2055 412 2099 tum
434 2053 539 2108 est,
580 2049 628 2098 si
652 2046 958 2100 ferventem
984 2063 1185 2114 aquam
1215 2049 1407 2102 addita
1436 2051 1626 2101 statim
1652 2047 1899 2115 refrige-

290 2122 416 2168 retz
459 2122 556 2168 aut
576 2118 628 2168 si
655 2117 715 2166 in
749 2115 883 2168 Sole
915 2116 1111 2168 addita
1142 2117 1358 2169 aridam
1389 2118 1686 2170 materiam
1702 2132 1904 2169 accen·

292 2185 410 2237 dat.
482 2185 750 2247 Nascitur
786 2186 846 2236 in
889 2187 1124 2252 Coryco,
1197 2187 1595 2250 Hormincdes‚
1626 2202 1700 2240 ex
1737 2202 1907 2254 arg-u-

290 2257 482 2305 mento
500 2255 800 2311 rii-iditatis
822 2254 879 2304 in
905 2255 1147 2307 candida
1160 2258 1488 2321 gemmavel
1508 2256 1692 2323 nigra,
1714 2261 1775 2308 et
1792 2256 1904 2307 ali÷

290 2319 510 2386 quando
539 2322 767 2387 pallida,
809 2322 1088 2376 ambiente
1113 2324 1322 2375 circulo
1364 2325 1769 2389 aui-eiwoloris,
1809 2340 1909 2391 ap-

289 2390 553 2455 pellatur.
664 2390 1166 2443 Hexecontalithos
1206 2393 1263 2443 in
1304 2409 1475 2459 parva
1511 2393 1907 2461 magnitudine

291 2457 635 2518 multicolor,
674 2456 782 2507 hoc
819 2461 926 2513 sibi
969 2474 1172 2512 nomen
1214 2462 1525 2529 adoptavit.
1597 2464 1908 2529 Reperitur

291 2527 350 2576 in
374 2524 787 2605 'l'roglodytica
805 2529 1052 2593 regione.
1121 2531 1428 2584 Hieracitis
1451 2533 1696 2584 alternat
1719 2532 1906 2585 milvi-

296 2594 382 2643 nis
407 2593 688 2660 nigrisque
704 2594 879 2648 veluti
903 2598 1123 2664 plumis.
1196 2602 1496 2653 Hammitis
1520 2602 1640 2653 ovis
1662 2602 1912 2668 piscium

299 2661 504 2715 similis
526 2670 628 2724 est,
667 2668 726 2716 et
749 2664 861 2716 alia
897 2667 1049 2718 uelut
1081 2668 1226 2720 nitro
1252 2671 1581 2737 composita,
1619 2671 1912 2739 praedura
