2017 3034
230 138 301 202 τό
521 150 527 157 ·
631 102 1006 213 cerniml
1054 107 1435 201 securim
1481 124 1497 138 '

230 259 296 304 ut
316 252 681 304 indicavimus
701 287 717 314 ‚
756 250 986 303 fuerunt
1005 253 1115 303 tria
1138 251 1321 303 millia
1338 263 1587 302 numero.
1662 251 1856 319 Cavea

229 324 355 388 ipsa
370 318 525 388 'cepit
544 320 827 374 huminum
865 319 1075 372 LXXX
1110 322 1323 372 millia:
1368 335 1492 380 cum
1517 318 1852 386 Pompeiani

230 392 437 445 theatri
464 391 632 443 toties
654 391 1032 456 multiplicata
1049 390 1207 449 urbe,
1229 397 1498 454 tantoque
1519 389 1735 440 maiore
1757 403 1858 454 po-

235 462 399 529 pule,
441 459 680 512 sufficiat
711 461 870 525 large
901 458 1275 524 quadraginta
1303 458 1573 509 millibus.
1647 457 1760 510 Sed
1794 464 1855 510 et

235 532 484 596 reliquus
507 535 831 595 apparatae,
851 533 1042 578 tantus
1062 528 1311 578 Attalica
1332 533 1510 589 veste,
1531 520 1741 579 tabulis
1763 527 1851 597 pi-
1911 586 1918 591 ⁵

236 602 363 663 ctis,
403 605 705 666 ceteroque
728 596 994 663 choragio
1017 597 1148 658 fuit,
1184 604 1251 647 ut
1271 598 1332 647 in
1353 597 1732 648 Tusculanam
1748 597 1856 648 v'il-

235 672 352 723 iam
383 669 691 735 reportatis
730 679 872 735 quae
909 664 1328 731 superfluebant
1365 666 1682 732 quotidiani
1717 682 1857 717 usus

235 739 475 798 deliciis,
499 740 730 790 incensa
753 735 889 789 villa
910 737 980 789 ab
998 733 1165 791 iratis
1186 737 1386 800 servis,
1405 743 1859 790 concremaretur

238 809 311 862 ad
333 809 390 859 H
407 837 427 848 -
441 807 498 860 S.
522 807 746 859 millies,

307 879 357 929 8.
397 876 596 930 Aufert
612 878 892 940 animum,
936 882 994 928 et
1018 891 1053 927 a
1083 875 1374 928 destinato
1404 876 1607 930 itinere
1631 875 1861 942 digredi

240 947 397 1015 cogit
419 947 817 1013 contemplatio
838 952 955 997 tam
979 945 1249 1014 prodigae
1269 946 1477 1003 mentis
1499 983 1515 1009 ‚
1569 947 1860 1014 aiiamque

240 1018 499 1069 connecti
535 1016 806 1068 maiorem
841 1016 1115 1067 insaniam
1149 1033 1179 1067 e
1201 1016 1375 1084 ligne.
1451 1017 1510 1068 C.
1534 1008 1719 1080 Curio,
1764 1017 1860 1084 qui

146 1098 155 1101 ’
241 1084 393 1139 bello
418 1085 572 1136 civili
595 1088 652 1138 in
675 1082 1033 1138 Caesarianis
1055 1086 1311 1152 partibus
1332 1085 1491 1146 obiit,
1515 1085 1737 1141 funebri
1764 1100 1861 1151 pu-

239 1157 349 1210 tris
368 1169 611 1218 munere,
651 1171 772 1207 cum
797 1157 995 1222 opibus
1018 1161 1398 1223 apparatuque
1419 1171 1526 1206 non
1552 1163 1742 1223 posset
1768 1170 1860 1205 su-

245 1240 443 1291 perare
467 1222 753 1288 Scaurum,
790 1226 957 1291 (unde
999 1226 1148 1277 enim
1191 1226 1283 1276 illi
1322 1225 1555 1276 vitricus
1577 1225 1751 1294 Sulla,
1799 1232 1860 1275 et

243 1295 484 1348 Metella
523 1303 706 1349 mater
746 1296 1223 1362 proscriptionum
1265 1295 1513 1347 sectrix‘i
1582 1295 1726 1346 unde
1773 1294 1857 1345 Μ.

242 1365 488 1418 Scaurus
528 1373 712 1431 pater,
748 1366 921 1418 toties
962 1368 1222 1431 princeps
1258 1364 1528 1428 civitatis,
1570 1372 1628 1417 et
1647 1365 1860 1416 Maria-

244 1435 331 1493 nis
355 1434 637 1487 sodalitiis
674 1436 997 1500 rapinarum
1030 1434 1451 1502 provincialium
1478 1434 1688 1499 sinusi)
1727 1448 1861 1485 cum

242 1505 354 1556 iam
379 1519 449 1555 ne
470 1505 591 1570 ipse
622 1501 845 1573 quidem
868 1503 1111 1556 Scau-rus
1154 1504 1469 1569 comparari
1500 1504 1614 1555 sibi
1646 1511 1866 1571 posset,

146 1620 156 1629 ,
244 1572 467 1641 quando
494 1572 603 1624 hoc
641 1581 794 1626 certe
833 1574 1076 1625 incendii
1112 1573 1269 1624 illius
1309 1575 1620 1640 praemium
1640 1574 1866 1634 habuit,

224 1642 531 1696 convectis
566 1656 634 1694 ex
668 1644 804 1694 orbe
835 1647 1115 1695 terrarum
1140 1643 1338 1706 rebus?
1368 1648 1431 1694 ut
1461 1658 1625 1696 nemo
1662 1651 1865 1710 postea

242 1728 347 1780 par
366 1718 518 1765 esset
538 1712 792 1781 insaniae
814 1710 916 1762 illi.
989 1712 1227 1779 Ingenio
1259 1727 1394 1780 ergo
1414 1712 1686 1766 utendum
1709 1713 1824 1764 fuit
1847 1731 1863 1762 ε

245 1782 454 1849 operae
477 1782 718 1849 pretium
746 1787 833 1834 est
854 1783 997 1834 scire
1024 1781 1155 1849 quid
1183 1782 1456 1834 invenerit
1477 1818 1493 1844 ,
1537 1789 1595 1834 et
1614 1784 1865 1852 gaudere

226 1852 493 1905 moribus
512 1853 745 1914 nostris,
765 1866 831 1905 ac
852 1857 1045 1904 nostro
1060 1850 1227 1903 modo
1249 1867 1349 1904 nos
1370 1867 1578 1904 vocare
1599 1854 1867 1906 maiores.

244 1920 496 1976 Theatra
516 1922 812 1977 duoiuxta
839 1921 978 1974 fecit
1008 1921 1353 1988 amplissima
1384 1936 1418 1973 e
1440 1922 1627 1990 ligno,
1675 1923 1865 1975 cardi-

230 2009 376 2044 -num
410 1993 761 2061 singulorum
806 1993 1054 2045 versatili
1096 2007 1368 2059 suspensa
1408 1992 1766 2056 libramento,
1804 1995 1866 2044 in

246 2064 447 2128 quibus
467 2064 724 2130 utrisque
757 2061 1211 2115 antemeridiano
1246 2061 1507 2114 ludorum
1533 2063 1866 2130 spectaculo

245 2131 400 2185 edito
439 2133 593 2185 inter
632 2133 1036 2195 sese.aversi8,·
1071 2147 1142 2186 ne
1188 2132 1427 2185 invicem
1469 2132 1868 2200 obstreperent
1906 2189 1917 2202 ἱ

244 2217 473 2255 ucenae:
494 2210 726 2269 repente
742 2203 1094 2256 circumactis
1116 2207 1177 2255 ut
1190 2209 1383 2255 centra
1394 2207 1627 2267 starent,
1642 2209 1864 2271 postre-

244 2287 339 2324 mo
363 2273 476 2324 iam
502 2272 593 2325 die
625 2274 1042 2327 discedentibus
1083 2271 1309 2335 tabulis,
1355 2271 1702 2325 etcornibus
1724 2274 1785 2323 in
1805 2289 1870 2324 se

160 2392 173 2397 ,
206 2343 581 2394 'coeuntibus
599 2341 847 2395 faciebat
882 2340 1373 2410 amphitheatrum,
1396 2348 1454 2394 et
1484 2342 1868 2410 gladiatorum

199 2431 206 2441 ’
246 2412 570 2476 spectacula
592 2411 824 2474 edebat,
864 2414 1047 2480 ipsum
1087 2414 1269 2478 magis
1305 2418 1662 2464 auctoratum
1696 2427 1870 2480 popu·
1948 2419 1952 2422 ’

244 2478 364 2533 lum
385 2474 543 2531 Rom.
587 2475 999 2533 circumferens.
1074 2481 1226 2540 Quid
1268 2484 1420 2533 enim
1457 2483 1691 2536 miretur
1717 2484 1871 2549 quis-

146 2552 152 2561 ‘
250 2549 436 2615 quein
455 2548 563 2600 hoc
584 2549 861 2614 primum?
896 2550 1262 2612 inventorem,
1284 2566 1353 2601 an
1377 2551 1663 2604 inventum
1677 2553 1702 2602 ’ἒ
1724 2552 1861 2604 arti-

254 2618 432 2680 ficem,
456 2635 527 2669 an
549 2615 878 2670 auctorem}
911 2633 1103 2669 ausum
1126 2619 1369 2685 aliquem
1383 2618 1502 2672 boc
1521 2622 1869 2688 excogitare,

258 2703 326 2738 q⁸11
347 2688 629 2755 suscipere
649 2685 674 2737 ’ἕ
715 2699 930 2751 parere,
951 2702 1023 2739 au
1045 2687 1273 2741 iuberet
1342 2687 1524 2754 Super
1544 2692 1733 2744 emnia
1758 2691 1872 2745 erit
