2017 3034
343 185 413 239 so
682 185 744 236 c.
794 181 1083 249 PL1N11
1147 177 1528 265 sne-unm

343 300 466 338 rum
488 300 735 353 quoque,
770 300 871 337 nec
895 284 1305 337 medicinalium
1328 287 1559 342 tantum,
1602 283 1702 331 aut
1724 278 1797 343 ad
1816 279 1923 346 pig·
1999 266 2002 315 Ι

343 362 530 406 menta
561 355 975 420 pertinentium.
1050 354 1300 407 Etesium
1337 350 1575 416 lapidem
1608 348 1758 399 iniis
1778 362 1928 414 prae·
1999 376 2002 401 2

341 424 521 475 tulere
550 428 769 484 ceteris,
809 436 938 473 mox
971 425 1029 472 et
1062 420 1431 481 Thebaicum,
1470 431 1629 484 quem
1664 420 1928 484 p'yropoe-

344 493 489 545 cilon
511 492 933 559 appellavimus:
972 489 1142 555 aliqui
1166 488 1480 555 psaronium
1502 492 1719 537 vocant.
1793 487 1924 539 Ter·
1999 508 2002 517 ·

344 563 484 613 tium
508 576 577 612 ex
601 561 850 612 chalazio
882 558 1183 625 chrysiten.
1254 556 1461 608 Medici
1490 560 1676 607 autem
1699 558 1759 606 et
1778 554 1930 605 basa·

345 629 522 680 niten.
591 629 699 681 Hic
722 629 866 682 enim
888 627 1032 693 lapis
1044 627 1184 678 nihil
1206 638 1278 679 ex
1298 640 1419 677 sese
1443 623 1700 676 remittit.
1773 623 1823 675 Ii
1840 636 1932 675 am

172 687 177 694 ’
264 734 269 744 ·
343 703 458 751 tem
492 697 727 763 lapides,
768 700 862 765 qui
899 710 1120 748 succum
1152 693 1409 756 reddunt,
1448 694 1733 744 oculorum
1767 691 1932 743 medi-
2001 704 2002 721 ³

345 767 613 819 examentis
651 767 820 819 utiles
864 766 1280 818 existimantur:
1340 762 1573 827 ideoque
1614 758 1933 826 Aethiopici
2001 828 2002 831 Ἴ

341 834 588 887 maxime
608 835 681 888 ad
702 851 771 888 ea
791 837 1115 900 probantur.
1187 831 1522 884 Taenarium
1541 843 1672 880 vero
1690 830 1933 896 lapidem
2001 846 2002 887 ξ

342 909 402 957 et
417 902 737 968 Poenicum,
750 910 808 956 et
828 902 1168 955 haematiten
1187 901 1261 953 iis
1273 899 1692 952 medicamentis
1711 899 1935 964 prodes·
2001 944 2002 953 ,

342 987 406 1024 se
451 973 706 1034 tradunt,
744 986 883 1039 quae
926 985 995 1024 ex
1035 983 1203 1022 croco
1245 974 1672 1035 componantur:
1714 981 1787 1019 ex
1825 966 1932 1021 alin
2001 1012 2002 1031 ³

342 1041 642 1104 Taenario,
653 1042 747 1107 qui
766 1042 925 1107 niger
943 1043 1051 1102 est,
1063 1043 1121 1089 et
1141 1053 1208 1091 ex
1230 1036 1396 1088 Pario
1417 1037 1617 1101 lapide,
1630 1050 1741 1087 non
1764 1049 1935 1101 aequo
2001 1036 2002 1105 ᾖ

174 1114 179 1125 ‘
246 1105 251 1110 ⁸
344 1109 577 1162 medicis
610 1109 836 1160 utilem:
873 1110 1150 1175 potiorem
1182 1098 1611 1158 ex'alabastrite
1640 1106 1932 1170 Aegyptio,
2001 1110 2002 1163 ξ

344 1176 438 1229 vel
459 1192 528 1229 ex
547 1177 738 1244 ophite
760 1177 904 1229 albo.
979 1175 1084 1227 Est
1112 1177 1255 1227 enim
1278 1173 1384 1227 hoc
1403 1187 1576 1242 genus
1599 1170 1828 1241 ophitis,
1870 1185 1934 1225 ex

342 1260 454 1312 quo
475 1261 609 1299 vasa
631 1248 798 1299 etiam
821 1252 879 1297 et
899 1242 1068 1296 cados
1089 1243 1317 1294 faciunt.

413 1314 612 1369 XLIV.
638 1316 710 1367 ,ln
734 1312 941 1381 Siphno
961 1314 1105 1378 lapis
1127 1319 1212 1364 est
1232 1346 1247 1373 ,
1294 1311 1387 1377 qui
1411 1316 1637 1363 cavatur
1656 1316 1934 1363 tornatur·

346 1385 530 1449 quein
550 1392 685 1436 vasa
705 1381 1000 1451 coquendis
1020 1381 1162 1432 cibis
1184 1381 1349 1431 utilia
1366 1415 1381 1441 ,
1423 1380 1512 1431 vel
1536 1380 1605 1431 ad
1630 1381 1934 1431 esculento·

346 1464 477 1503 rum,
493 1467 655 1504 usus:
714 1452 859 1518 quod
882 1452 942 1500 in
962 1451 1220 1502 Comensi
1246 1447 1441 1504 [taliae
1461 1448 1647 1515 lapide
1666 1447 1834 1499 viridi
1856 1462 1936 1498 ac·

348 1519 535 1573 cidere
557 1522 779 1572 scimus.
851 1519 959 1571 Sed
980 1520 1039 1568 in
1059 1516 1289 1584 Siphnio
1312 1517 1591 1584 singulare
1611 1548 1628 1579 ,
1672 1516 1822 1583 quod
1844 1530 1932 1567 ex·-

348 1587 617 1642 mlfactus
639 1589 766 1642 oleo
801 1589 1082 1654 nigrescit,
1123 1587 1491 1653 durescitque,
1512 1590 1714 1638 natura
1733 1585 1936 1636 mollis-

346 1657 537 1707 simus.
569 1703 575 1713 ,
606 1658 790 1709 Tanta
809 1657 1136 1724 qualitatum
1164 1655 1481 1708 differentia
1502 1661 1603 1707 est.
1642 1655 1785 1707 Nam
1805 1652 1934 1707 mol·

344 1725 509 1777 litiae
542 1731 601 1777 et
630 1731 785 1777 trans
824 1725 992 1791 Alpes
1024 1725 1321 1791 praecipua
1358 1730 1490 1774 sunt
1529 1724 1805 1790 exempla.
1873 1725 1934 1774 ln
1999 1768 2000 1789 Ξ

343 1793 577 1860 Belgica
611 1794 894 1860 provincia
925 1794 1218 1845 candidum
1240 1792 1481 1859 lapidem
1504 1807 1681 1855 serra,
1726 1805 1839 1859 qua
1872 1791 1933 1840 li-

342 1873 533 1982 {pum'
557 1862 879 1930 faciliusque
899 1863 1086 1923 etiam,
1108 1867 1312 1923 secant,
1336 1861 1405 1915 ad
1429 1861 1743 1928 tegularum
1768 1868 1826 1913 et
1842 1861 1934 1910 im-
1999 1868 2000 1913 ἶ

412 1930 554 1980 icum
577 1935 777 1984 vicem:
818 1932 907 1983 vel
927 1933 973 1981 si
995 1932 1185 1992 libeat,
1225 1928 1295 1980 ad
1318 1945 1458 1996 quae
1479 1935 1681 1980 vocant
1702 1942 1933 1995 pavona-
1999 1930 2000 1947 ³

345 2013 445 2051 cea
465 1999 694 2067 tegendi
716 2014 951 2067 genera:
992 2006 1051 2052 et
1068 1998 1127 2049 hi
1148 1997 1368 2064 quidem
1389 1998 1613 2055 sectiles
1632 2003 1783 2049 sunt.
1999 2050 2000 2065 ζ

411 2067 581 2121 XLV.
614 2068 957 2134 -Specularis
987 2083 1122 2120 vero
1144 2068 1435 2135 {quoniam
1465 2073 1522 2118 et
1552 2065 1643 2117 hic
1671 2066 1823 2132 lapis
1845 2081 1934 2117 no-
1999 2068 2000 2129 ξ

339 2150 465 2187 men
487 2136 725 2198 obtinet)
745 2136 1001 2189 faciliore
1012 2135 1190 2187 multo
1212 2134 1653 2186 naturalinditur
1671 2137 1729 2186 iu
1750 2149 1932 2201 quani-
1999 2132 2000 2171 ἲ

339 2204 704 2267 libettenues
746 2211 979 2257 crustas.
1051 2203 1331 2268 Hispania
1361 2202 1505 2255 hunc
1535 2205 1668 2255 olim
1701 2203 1932 2256 citerior

340 2276 560 2323 tantum
582 2273 770 2335 dabat,
788 2289 890 2325 nec
911 2278 1051 2334 tota,
1071 2271 1168 2322 sed
1190 2271 1338 2323 intra
1358 2277 1580 2324 centum
1600 2272 1785 2323 millia
1814 2286 1933 2338 pas·
1999 2302 2000 2309 κ

340 2354 502 2391 suum
545 2339 693 2392 circa
719 2340 1076 2408 segobricam
1114 2339 1334 2390 urbem:
1370 2340 1482 2393 iam
1528 2347 1585 2391 et
1607 2340 1841 2407 Cypros,
1879 2344 1933 2391 et
1999 2382 2000 2405 2

279 2428 287 2439 ·
348 2408 716 2474 Cappadocia,
755 2415 814 2460 et
846 2409 1057 2472 Sicilia,
1101 2415 1157 2461 et
1180 2423 1353 2474 nuper
1396 2411 1678 2461 inventum
1711 2406 1934 2460 Africa:

343 2477 731 2543 postferendos
763 2491 953 2529 omnes
985 2485 1172 2529 tamen
1205 2477 1532 2544 Hispaniae,
1574 2481 1629 2528 et
1653 2476 1935 2543 Cappadoe

343 2547 487 2607 dae,
524 2545 867 2605 mollissimis
891 2554 947 2596 et
980 2545 1357 2612 amplissimae
1388 2546 1799 2611 magnitudinis,
1840 2543 1938 2597 sed

345 2614 614 2666 obscuris.
689 2612 831 2664 Sunt
861 2620 917 2664 et
941 2615 995 2664 in
1019 2613 1362 2665 Bononiensi
1397 2614 1596 2667 ltaliae
1624 2619 1788 2682 parte
1818 2615 1935 2665 bre·

342 2698 467 2755 ves,
487 2681 775 2746 maculosi,
814 2682 1105 2748 complexu
1124 2681 1301 2735 silicis
1319 2682 1557 2751 alligati,
1587 2680 1837 2751 ‘quorum
1858 2689 1937 2732 ta-
