2017 3034
243 92 262 101 ’Δ
318 136 390 190 50
718 130 781 185 c..
817 128 1097 184 PL1N11
1153 127 1535 183 sncusm
1773 186 1784 217 Ι

320 234 697 306 crystallinis,
749 231 1165 309 murrhinisque
1181 232 1472 285 sileantur.
1543 234 1745 286 Omnia
1765 249 1920 285 nam·

323 322 448 377 que,
469 320 608 373 quae
630 317 799 376 usque
823 302 894 353 ad
916 300 1301 361 hocv‘olumen
1322 303 1706 365 tractavimus,
1742 301 1924 354 homi·

244 409 246 411 >
321 392 450 428 num
491 387 661 424 causa
700 371 895 440 genita
930 370 1110 425 videri
1130 377 1385 438 possunt.
1457 371 1687 422 Montes
1722 379 1931 423 natura

322 445 431 497 sibi
452 442 668 494 fecerat.
682 441 753 492 ad
776 439 1041 507 quasdam
1062 455 1357 507 compages
1379 439 1607 492 telluris,
1620 440 1928 509 visceribus

324 511 659 574 densandas,
694 510 861 561 simul
900 509 973 560 ad
999 511 1242 576 impetus
1272 507 1555 560 fluminum
1598 509 1928 572 domandos,

278 594 291 655 ξ
323 581 631 647 fluctusque
653 578 1012 645 frangendos,
1046 593 1111 629 ac
1132 577 1363 629 minime»
1381 578 1597 645 quietas
1621 585 1814 644 partes
1836 594 1928 629 co-

278 658 292 705 1
326 650 590 703 ercendas
614 647 907 699 durissima
926 650 1014 714 sui
1034 644 1282 715 materia.
1357 647 1657 699 Caedimus,
1671 646 1794 710 hos,
1813 653 1928 698 tra-

324 719 635 784 himusque,
673 715 831 766 nulla
849 716 977 776 alia,
1022 730 1183 781 quam
1210 714 1533 767 deliciarum
1557 730 1746 778 causa„
1785 731 1931 781 quos

325 785 733 841 transcendisse
752 800 973 851 quoque
987 785 1192 839 mirum
1212 782 1335 836 fuit.
1429 785 1487 834 ln
1512 791 1774 850 portento
1799 796 1928 851 pro-

325 872 395 925 pe
416 858 661 907 maiores.
676 853 915 904 habuere
931 853 1100 918 Alpes
1121 854 1194 905 ab.
1208 852 1518 904 Hannibale
1541 862 1927 920 exsuperatas,

327 932 386 979 et
406 931 605 993 postea
643 939 676 975 a
697 922 960 975 Cimbris:
976 923 985 929 ’
1001 938 1144 973 nunc
1180 922 1341 987 ipsae
1361 921 1667 981 caeduntur
1688 924 1744 972 in
1768 922 1928 974 mille

325 994 537 1063 genera
574 1006 910 1043 marmorum
927 1009 944 1042 a
986 991 1375 1055 promontoria
1396 991 1722 1058 aperiuntur
1762 993 1929 1054 mari,

328 1071 386 1116 et
427 1076 615 1114 rerum
652 1067 855 1129 natura
874 1059 1082 1125 sagitur
1109 1061 1165 1109 in
1186 1060 1430 1126 planum.
1502 1059 1799 1111 Evehimus
1839 1075 1927 1122 ea,

329 1146 477 1200 quae
511 1128 834 1196 separandis
874 1129 1280 1196 gentibus‘pro.
1322 1128 1581 1180 terminis.
1616 1132 1929 1181 constituta

330 1206 514 1253 erant:
557 1212 833 1262 navesque
853 1212 1191 1248 marmorum
1215 1212 1385 1249 causa
1402 1198 1576 1259 fiunt,
1614 1213 1681 1249 ac
1704 1213 1803 1264 per
1827 1198 1929 1250 flu·

329 1275 472 1337 (ὶῐιιει,ν
507 1268 890 1319 saevissimam
911 1281 1100 1318 rerum
1122 1273 1359 1319 naturae
1379 1272 1617 1333 partem
1653 1266 1766 1318 huc
1783 1267 1927 1318 illuc
2007 1302 2008 1317 2

325 1341 622 1405 portantur
643 1336 795 1402 iuga,
837 1336 1050 1388 maiore
1067 1339 1369 1386 etianumm
1388 1338 1576 1399 venia,
1613 1351 1780 1403 quam
1797 1351 1927 1389 cum

318 1406 398 1459 ‘ad
418 1405 834 1471 frigidospotus
859 1421 952 1455 vas
977 1405 1187 1470 petitur
1208 1407 1260 1454 in
1278 1405 1489 1468 nubila,
1511 1407 1782 1473 caeloque
1800 1421 1925 1472 pro-

326 1477 510 1527 ximae
550 1488 714 1539 rupes
756 1480 1044 1534 cavantur„
1080 1479 1142 1523 ut
1185 1473 1414 1525 bibatur
1451 1474 1656 1540 glacie..
1677 1506 1684 1513 =
1723 1475 1928 1527 Secum

328 1544 558 1611 quisque
579 1541 809 1607 cogitet,
849 1556 970 1592 cum
996 1545 1178 1607 pretia
1197 1542 1393 1593 horum
1420 1542 1632 1604 audiat,
1651 1557 1780 1594 cum
1794 1542 1926 1595 vehi

327 1609 580 1675 trahique
602 1611 774 1661 moles
799 1610 1002 1672 videat,
1046 1626 1209 1676 quam
1227 1611 1457 1679 sine-his.
1478 1613 1777 1663 multorum
1803 1611 1926 1665 fue-

329 1683 406 1742 rit
428 1679 644 1730 beatior
674 1678 819 1728 vita:
857 1679 971 1730 ista
999 1678 1207 1742 facere,
1239 1681 1414 1731 immo
1432 1681 1618 1733 verius
1636 1685 1757 1747 pati
1778 1697 1924 1733 mor-

329 1749 492 1807 tales,
517 1762 656 1814 quos
681 1747 749 1797 ob
772 1762 923 1810 usus,
956 1758 1164 1814 quasve
1182 1749 1254 1800 ad
1265 1750 1589 1817 ‘voluptates
1611 1751 1776 1812 alias,
1813 1751 1928 1802 nisi

327 1823 390 1868 ut
407 1815 552 1867 inter
571 1815 819 1866 maculas
844 1817 1089 1883 lapidum
1119 1819 1366 1870 iaceant:
1412 1834 1513 1870 ceu
1541 1834 1678 1871 vero
1704 1835 1822 1870 non
1841 1827 1924 1873 te·

325 1886 512 1938 nebris
533 1885 781 1935 noctium
804 1886 1076 1938 dimidiae
1094 1887 1246 1952 parti
1265 1890 1416 1939 vitae
1433 1890 1698 1955 cuiusque·
1715 1889 1924 1956 gaudia

324 1953 466 2009 haec
485 1953 888 2007 auferentibuS.
1705 1974 1716 1978 ·

391 2023 461 2074 11.
503 2024 705 2091 Ingens
728 2023 837 2073 ista
859 2026 1214 2090 reputantem
1242 2025 1394 2076 subit
1424 2025 1598 2089 etiam
1619 2025 1923 2093 antiquita-

325 2092 407 2144 tis
427 2093 614 2143 rubor.
686 2092 925 2143 Exstant
951 2094 1241 2144 censoriae
1264 2092 1441 2160 leges,
1459 2095 1687 2160 glandia
1707 2097 1767 2146 in
1791 2112 1920 2148 coe·

325 2162 435 2223 nis,
454 2161 763 2227 gliresque,
778 2167 857 2212 -et
877 2161 988 2212 alia
1011 2161 1166 2213 dictu
1189 2162 1407 2213 minora
1425 2164 1627 2233 apponi
1647 2170 1920 2216 vetantes.

325 2229 609 2281 Marmora
641 2227 849 2292 invehi,
888 2237 944 2282 et
965 2233 1142 2292 maria
1175 2229 1335 2281 huius
1367 2232 1451 2283 rei
1480 2247 1645 2283 causa
1663 2234 1922 2294 transiri,

327 2312 469 2364 quae
510 2303 751 2359 vetaret,
785 2298 878 2351 lex
924 2300 1082 2350 nulla
1119 2300 1243 2351 lata
1280 2304 1386 2352 est.
1453 2300 1619 2352 Dicat
1654 2301 1923 2353 fortassis

326 2365 552 2432 aliquis:
593 2382 702 2416 non
725 2369 872 2431 enim
907 2368 1322 2419 invehebantur.
1395 2369 1456 2419 Id
1488 2366 1710 2448 quidem
1752 2369 1924 2421 falso.

327 2435 630 2503 Trecentas
654 2435 759 2489 Lx
776 2436 1058 2488 columnas
1078 2437 1159 2489 M.
1174 2435 1370 2488 Scauri
1394 2438 1682 2490 aedilitate
1709 2439 1779 2489 ad
1803 2455 1924 2505 sce-

327 2519 456 2555 nam
476 2504 687 2556 theatri
704 2506 1072 2570 temporarii„-
1097 2511 1154 2556 et
1184 2505 1280 2556 vix
1312 2520 1421 2556 uno
1452 2522 1642 2559 mense
1661 2506 1838 2558 futuri
1863 2511 1926 2559 in

329 2588 433 2623 usu
450 2610 471 2635 ,
508 2574 764 2627 viderunt
787 2573 996 2637 portari
1018 2573 1246 2625 silentio
1269 2572 1475 2640 legum.
1546 2574 1661 2628 Sed
1679 2574 1928 2642 publicis

329 2642 585 2695 nimirum
619 2640 966 2706 indulgentes
997 2640 1392 2708 voluptatibus.
1466 2643 1530 2695 ld
1558 2645 1742 2713 ipsum
1781 2645 1931 2699 cur}
