2017 3034
135 149 714 208 NATURHIST.
764 114 941 210 Lm-
972 153 1267 213 xxxvl.
1309 130 1514 214 zfi-so.
1583 153 1661 212 ει

22 276 25 311 ‘r
122 252 332 308 XXIX.
367 254 524 309 Idem
546 254 966 326 Theophrastus
1001 265 1059 312 et
1078 259 1388 325 Mucianus,
1401 274 1527 317 esse
1559 261 1666 317 ali·

62 338 192 392 quos
231 324 453 392 lapides
494 326 593 394 qui
632 332 872 394 pariant,
916 330 1169 383 credunt.
1239 328 1663 398 Theophrastus

61 401 254 446 auctor
277 399 386 458 est,
427 401 485 450 et
506 398 646 449 ebur
665 397 895 462 fossile,
939 400 1184 453 candido
1208 407 1265 453 et
1287 401 1451 469 nigro
1473 401 1665 454 colore

22 474 25 479 '
65 463 317 527 inveniri,
359 470 418 517 et
457 480 590 519 ossa
629 483 660 520 e
686 475 839 520 terra
867 469 1040 532 nasci,
1079 470 1433 538 invenirique
1451 469 1670 539 lapides

22 568 25 591 2
66 546 272 586 osseos.
294 533 545 587 Palmati
569 537 717 588 circa
733 537 999 590 Mundam
1023 540 1082 590 in
1108 540 1404 606 Hispania,
1426 540 1523 591 ubi
1539 540 1673 592 Cae-'-

66 617 152 654 sar
174 599 764 671 ‹licitatur-Pompeium
790 608 946 672 vicit,
958 609 1332 676 reperiuntur,
1347 608 1514 676 idque
1537 622 1674 675 quo·

66 673 165 724 ties
186 672 446 742 fregeris.
492 673 634 726 Sunt
657 682 715 727 et
737 677 898 745 nigri,
923 692 1157 747 quorum
1181 681 1494 731 auctoritas
1517 678 1673 730 venit

63 742 115 792 in
133 755 440 806 marmora,
459 744 606 796 sicut
626 747 955 800 Taenarius.
1021 750 1202 802 Varro
1223 749 1416 818 nigros
1438 762 1506 800 ex
1528 746 1673 800 Afri·

66 826 125 863 ca
144 811 430 865 firmiores
454 829 577 867 esse
599 817 798 879 tradit,
840 831 1003 884 quam
1039 818 1300 871 initalia.
1318 825 1337 843 ⁹
1372 819 1420 870 E
1442 817 1668 870 diverso

66 881 214 934 albos
238 883 430 935 tornis
451 883 727 950 duriores,
749 901 912 954 quam
933 884 1152 940 Parios.
1172 888 1326 941 Idem
1348 885 1670 941 Lunensem

63 951 269 1003 silicem
309 968 472 1013 serra
510 959 721 1007 secari:
761 962 821 1008 at
842 958 1220 1011 Tusculanum
1255 956 1499 1010 dissilire
1533 954 1669 1023 igni.

65 1019 323 1073 Sabinum
346 1022 565 1074 fuscum
589 1025 784 1078 addito
806 1027 934 1081 oleo
956 1028 1128 1089 etiam
1151 1026 1356 1080 lucere.
1394 1026 1534 1080 ltem
1555 1040 1672 1078 mo·

48 1089 140 1143 ‘las
179 1092 476 1145 versatiles
498 1092 774 1147 Volsiniis
816 1096 1090 1160 inventas,
1129 1097 1347 1165 aliquas
1381 1102 1445 1151 et
1471 1101 1690 1164 sponte*

22 1194 23 1217 n
63 1168 235 1217 motas
257 1163 574 1215 invenimus
594 1164 651 1216 in
675 1164 968 1233 prodigiis.

22 1272 25 1285 ,-
121 1229 306 1282 ΧΧΧ.
340 1232 629 1300 Nusquam
654 1233 744 1287 hic
765 1237 977 1296 utilior,
1000 1249 1166 1303 quam
1185 1235 1242 1286 in
1265 1236 1455 1297 ltalia,
1484 1233 1668 1302 gigni·

64 1305 172 1350 tur:
214 1300 492 1370 lapisque,
534 1318 646 1356 non
681 1319 898 1369 saxum,
921 1310 1026 1356 est.
1097 1306 1162 1359 In
1185 1304 1514 1370 quibusdam
1538 1315 1671 1355 vero

65 1370 360 1435 provinciis
386 1373 612 1425 omnino
632 1390 746 1425 non
769 1374 1073 1426 invenitur.
1111 1371 1258 1424 Sunt
1276 1374 1365 1440 qu?
1411 1387 1500 1423 am
1524 1372 1583 1424 in
1602 1385 1694 1426 eo.
1743 1378 1752 1389 “

64 1454 261 1506 genere
288 1441 600 1505 molliores,
632 1443 726 1511 qui
749 1450 806 1497 et
829 1450 957 1499 cote
979 1443 1353 1515 laevigantur,
1391 1448 1455 1493 ut
1476 1441 1672 1508 procul

60 1509 407 1563 intuentibus
428 1510 654 1578 ophitae
677 1514 856 1566 videri
897 1512 1130 1580 possint.
1202 1513 1362 1580 Nequ
1451 1517 1505 1565 st
1527 1512 1672 1564 alius

62 1579 298 1632 firmior:
333 1582 554 1648 quando
583 1589 641 1634 et
662 1583 869 1650 lapidis
893 1589 1115 1646 natura,
1134 1588 1199 1635 ut
1221 1583 1458 1650 lignum,
1480 1581 1673 1634 simili-

63 1655 144 1701 ter
161 1649 375 1704 imbres
396 1650 668 1719 solesque
691 1658 790 1705 aut
814 1652 1031 1707 hiemes
1051 1666 1161 1705 non
1187 1656 1417 1719 patitur,
1460 1651 1517 1703 in
1540 1651 1669 1704 aliis

64 1724 228 1786 atque
251 1720 386 1772 aliis
407 1723 725 1790 generibus.
800 1721 940 1775 Sunt
962 1724 1055 1791 qui
1078 1727 1139 1776 et
1158 1722 1373 1776 Lunam
1395 1737 1505 1773 non
1526 1720 1672 1773 tole·

61 1796 198 1852 rent,
234 1795 293 1842 et
316 1792 412 1857 qui
430 1792 714 1845 vetustate
733 1793 1048 1862 rubiginem
1069 1790 1317 1856 trahant,
1357 1791 1670 1851 coloremve

64 1858 356 1913 candidum
379 1862 504 1913 oleo
529 1866 766 1914 mutent.

123 1928 407 1982 Molarem
433 1930 659 1998 quidam
682 1933 913 1999 pyriten
932 1936 1156 1996 vocant,
1173 1931 1435 1998 quoniam
1457 1930 1532 1983 sit
1549 1926 1669 2008 plu·

60 1998 230 2050 rimus
250 1999 400 2066 ignis
421 2000 535 2055 illia
557 2000 657 2053 sed
677 2008 766 2055 est
786 2002 930 2054 alius
952 2004 1259 2055 etiamnum
1283 1998 1501 2071 pyrites
1521 1996 1673 2077 suni·

58 2064 300 2121 litudine
321 2070 489 2124 aeris.
560 2071 626 2125 ln
649 2069 836 2141 Cypro
855 2086 982 2123 eum
1006 2071 1240 2149 reperiri
1261 2068 1459 2120 volunt
1474 2102 1492 2129 ,
1532 2071 1591 2116 et
1611 2080 1671 2145 ‚¹¹¹

62 2138 331 2201 metallis,
374 2152 517 2207 quae
539 2146 668 2193 suat
688 2140 839 2193 eirca
859 2141 1246 2201 Acarnaniam,
1284 2150 1451 2186 unum
1473 2148 1672 2216 argen-

59 2214 153 2260 teo
174 2208 390 2272 colore,
408 2209 652 2263 alterum
675 2224 869 2263 aureo.
891 2211 1222 2276 coquuntur
1240 2205 1422 2258 varie:
1445 2203 1515 2256 ab
1539 2202 1671 2256 aliis

56 2277 264 2329 iterum
285 2278 568 2346 tertioque
591 2280 648 2330 in
669 2278 1046 2343 melle,donec
1067 2280 1433 2328 consumatur
1448 2274 1669 2343 liquor=

62 2344 133 2400 ab
155 2347 290 2400 aliis
312 2362 492 2414 pruna
513 2350 686 2415 prius,
731 2348 859 2403 dein
881 2348 1069 2409 melle,
1098 2351 1157 2398 et
1176 2350 1373 2421 postea
1394 2345 1672 2408 lavantur,

58 2422 125 2468 nt
142 2430 265 2470 aes.
285 2419 431 2470 Usus
454 2433 648 2472 eorum
668 2418 724 2472 in
749 2417 1032 2471 medicina
1050 2416 1420 2478 exanimem-e,
1441 2415 1673 2477 siccare,

62 2485 368 2553 discutere,
389 2485 676 2545 humorem
701 2494 1026 2551 extenuare,
1049 2486 1284 2545 duritias
1308 2487 1511 2538 nimias
1534 2482 1674 2535 mol·

58 2556 185 2610 lire.
217 2558 464 2611 Utuntur
483 2564 541 2612 et
560 2556 748 2611 erudis
768 2561 1022 2625 tusisque
1041 2556 1115 2608 ad
1134 2565 1378 2610 strumas
1398 2561 1563 2620 atque
1585 2550 1673 2601 fu·

54 2627 347 2681 runculos.
392 2627 746 2696 „Pyritarum
770 2628 1073 2681 etiamnum
1091 2625 1283 2694 ,aliqui
1307 2637 1481 2692 genus
1502 2632 1671 2669 unum

56 2692 303 2820 “3⁰¹²‘'
324 2698 632 2826 pllurirnunsi
653 2697 868 2755 habens
890 2698 1057 2771 ignis,
1088 2710 1231 2767 quos
1250 2694 1407 2747 vivos
1426 2685 1672 2760 appella·

189 2780 259 2823 ιι
273 2782 329 2824 κ.
405 2770 465 2823 ὀ
479 2784 539 2826 κ.
631 2803 645 2820 .
962 2812 963 2821 ,
