2017 3034
306 175 376 229 30
437 213 443 217 -
670 174 729 226 G.
776 128 1069 224 *ΡΙΑῚΙΝῙΙ
1139 168 1512 222 SECU'NDI

308 275 455 343 quod
474 288 691 340 semper
713 279 953 342 togatus,
964 287 1275 340 quanquam
1297 270 1357 321 in
1376 270 1667 322 machinis.
1692 272 1907 324 carcer

308 347 430 397 eius
470 346 607 395 artis
651 343 847 394 domus
892 357 1065 395 aurea
1101 343 1234 394 fuit:
1279 346 1335 393 et
1373 339 1503 392 ideo
1536 355 1643 391 non
1663 346 1909 393 exstant

309 413 564 480 exempla
583 411 698 464 alia
720 426 1072 478 magnopere.
1143 410 1277 462 Post
1298 424 1420 462 eum
1445 407 1603 462 fuere
1625 410 1678 461 in
1702 416 1903 461 aucto-

309 487 480 533 ritate
500 481 795 533 Cornelius
817 480 1000 543 Pinus,
1024 487 1081 533 et
1100 480 1293 531 Accius
1318 480 1559 541 Priscus,
1577 480 1680 546 qui
1696 475 1900 532 Houo-

310 552 391 603 ris
413 556 469 602 et
488 548 732 600 Virtutis
753 549 921 601 aedes
943 550 1271 615 Imperatori
1289 549 1630 614 Vespasiano
1649 550 1907 617 Augusto

312 619 637 672 restituenti
650 620 976 686 pinxerunt:
1018 617 1124 670 sed
1141 616 1362 668 Priscus
1382 616 1626 684 antiquis
1644 617 1909 676 similior.

379 687 689 740 xxxvul.
725 687 850 739 Non
873 692 959 739 est
981 686 1295 738 omittenda
1313 688 1369 736 in
1392 686 1643 752 picturae
1664 687 1909 753 mentio·-

313 771 382 806 nc
394 754 628 808 celebris
649 758 795 808 circa
804 754 1081 821 Lepidum
1100 754 1307 807 fabula.
1329 754 1608 820 Siquidem
1627 755 1688 805 in
1709 756 1912 810 trium-

313 827 498 891 viratu
517 825 752 890 quodam
772 825 898 876 loco
923 823 1192 876 deductus
1216 839 1249 875 a
1271 825 1691 890 magistratibus
1725 827 1783 874 in
1806 840 1905 876 ne·

313 896 599 944 morosum
641 892 964 961 hospitium,
1007 893 1297 948 minaciter
1324 907 1388 942 cu
1399 907 1446 942 m
1469 893 1541 942 iis
1561 897 1788 958 postero
1813 892 1909 944 die

315 963 720 1027 expostulavit,
762 976 1016 1013 somnum
1042 961 1317 1012 ademtum
1341 962 1447 1011 sibi
1470 961 1752 1011 volucrum
1775 971 1911 1011 con·

315 1037 498 1081 centu.
534 1030 713 1081 Atini
734 1030 1026 1083 draconem
1049 1030 1455 1096 inlongissima
1474 1031 1797 1080 membrana
1814 1027 1911 1080 de-

316 1100 525 1164 pictum
556 1098 970 1151 circumdedere
1002 1099 1173 1150 locor
1199 1113 1375 1170 eoque
1396 1107 1611 1151 terrore
1632 1111 1761 1150 aves
1783 1105 1908 1150 tum
1933 1116 1942 1124 ·
2005 1142 2006 1157 ,

314 1168 537 1218 siluisse
560 1174 844 1231 narratur,
887 1174 944 1220 et
963 1170 1160 1235 postea
1180 1168 1458 1234 cognitum
1500 1172 1589 1219 est
1621 1166 1717 1228 ita¹
1739 1167 1909 1232 posse
1929 1238 1944 1244 ο
2005 1166 2006 1239 ἦ

193 1349 202 1365 .
316 1250 437 1355 ⁰⁰³3}
479 1251 639 1356 ἓξὲξ.
680 1306 835 1358 ceris
857 1307 1217 1376 pingere,sac
1237 1270 1506 1373 picturam
1538 1307 1762 1359 inurere
1784 1307 1928 1371 quis·

210 1388 214 1395 ·
266 1396 275 1401 -
315 1373 521 1439 primus
541 1377 962 1442 excogitaverit,
980 1391 1091 1428 non
1110 1383 1350 1431 constat.
1385 1375 1622 1441 Quidam
1644 1374 1910 1425 Aristidis

315 1446 593 1495 inventum
615 1450 826 1510 putant,
871 1451 1063 1510 postea
1084 1440 1525 1497 consummatum
1547 1460 1583 1497 a
1603 1442 1908 1495 Praxitele.
2005 1466 2006 1499 1

316 1510 424 1561 Sed
468 1511 755 1577 aliquanto
800 1514 1131 1573 vetustiores
1166 1515 1516 1566 encausticae
1535 1512 1786 1578 picturae
1810 1526 1911 1563 ex·
1975 1564 1978 1567 ,
2005 1524 2006 1565 ξ

315 1581 526 1641 stitere,
569 1587 633 1632 ut
654 1580 969 1648 Polygnoti,
1007 1589 1063 1633 et
1085 1583 1394 1645 Nicanoris,
1438 1589 1495 1634 et
1511 1581 1784 1638 Arcesilai
1802 1578 1912 1631 Pa·
2005 1596 2006 1607 ¹

278 1674 283 1675 ν
314 1649 548 1699 riorum.
599 1649 875 1716 Lysippus
898 1666 1111 1717 quoque
1130 1652 1373 1720 Aeginae
1396 1650 1646 1717 picturae
1673 1663 1808 1701 suae
1830 1650 1910 1699 in·
2005 1676 2006 1685 κ

317 1717 562 1795 scripsit.
585 1717 856 1777 ἐνέκαυσεν,
897 1720 1044 1785 quod
1079 1721 1332 1787 profecto
1364 1735 1474 1772 non
1508 1719 1753 1780 fecisset,
1796 1719 1909 1770 nisi
1939 1765 1946 1776 ,

150 1835 156 1838 .
317 1792 635 1835 encaustica
657 1784 895 1838 inventa.
1037 1825 1046 1837 .
1653 1782 1672 1793 “
1720 1820 1733 1830 -
2001 1792 2002 1795 ’

390 1851 508 1907 xl...
548 1850 869 1917 Pamphilus
913 1870 1128 1925 quoque
1169 1856 1379 1926 Apellis
1403 1864 1752 1925 ‘praeceptor
1792 1872 1906 1907 non

320 1922 566 1987 pinxisse
586 1925 800 1972 tantum
823 1933 1106 1989 encausta,
1144 1928 1240 1979 sed
1264 1931 1429 1979 etiam
1457 1926 1711 1978 docuisse
1734 1926 1909 1976 tradi·

318 1997 409 2041 tur
426 1988 669 2041 Pausian
688 1989 1012 2057 Sicyonium
1037 1996 1273 2060 prinum:
1316 1996 1373 2046 in
1395 1993 1725 2061 hoc-genere
1748 1995 1908 2060 nobi·

262 2080 271 2089 ·
315 2061 438 2110 lem.
507 2057 721 2110 Brietis
743 2059 892 2112 filius
913 2061 1002 2114 hic
1022 2063 1145 2123 fuit,
1166 2064 1520 2131 eiusdemque
1542 2064 1719 2130 primo
1742 2062 1907 2114 disci·
1941 2090 1944 2093 ·

260 2148 271 2180 ,·
316 2127 493 2195 pulus.
514 2125 704 2180 Pinxit
726 2130 919 2196 etipse
939 2132 1197 2196 penicillo
1217 2134 1457 2198 parietes
1478 2131 1757 2198 Thespiis,
1782 2146 1924 2185 cum„

314 2196 672 2247 reficerentur
694 2199 967 2264 quondam
987 2197 1348 2265 aPolygnoto
1371 2201 1531 2266 picti:
1556 2199 1908 2267 multumque

316 2266 731 2330 comparatione
755 2273 1047 2334 superatus
1060 2268 1498 2331 existimabatur,
1512 2269 1771 2334 quoniam
1795 2283 1914 2322 non.

315 2347 417 2390 suo
437 2346 641 2398 genere
663 2341 951 2388 certasset.
995 2335 1144 2394 Idem
1167 2346 1225 2388 et
1247 2337 1530 2399 lacunaria
1552 2337 1759 2403 primus
1782 2338 1905 2402 pin·

313 2415 448 2468 gere
468 2401 739 2466 instituit,
763 2419 864 2455 nec
883 2418 1133 2455 cameras
1153 2411 1282 2457 ante
1303 2419 1425 2456 eum
1450 2404 1644 2456 taliter
1664 2404 1922 2456 adoram.

315 2469 507 2519 rimos
532 2468 658 2521 fuit.
731 2466 936 2525 Parcas
960 2472 1218 2539 pingebat
1242 2474 1505 2535 tabellas,
1551 2475 1906 2539 maximeque

256 2552 271 2573 ν’
316 2551 534 2601 pueros.
606 2538 735 2589 Hoc
775 2539 983 2589 aemuli
1001 2543 1129 2591 'eum
1166 2542 1674 2606 interpretabantur
1696 2542 1905 2602 facere,

314 2608 577 2670 quoniam·
596 2605 757 2655 tarda
774 2607 1027 2671 picturae
1049 2614 1191 2658 ratio
1216 2617 1362 2662 esset
1381 2610 1497 2661 illa.
1530 2612 1905 2673 Quamobrem
1932 2618 1949 2642 ⁰

312 2675 423 2726 arti
461 2674 690 2725 daturus
732 2679 789 2724 et
821 2673 1125 2727 celeritatis
1147 2676 1368 2738 famam,
1405 2678 1655 2733 absolvit
1674 2693 1787 2730 uno
1811 2678 1906 2747 die
