2017 3034
276 238 279 243 ·
359 215 432 266 70
798 211 859 265 C.
913 208 1188 267 PLlNll
1239 164 1615 267 SECUNni

323 434 327 441 .
365 387 687 438 attributis:
728 386 1022 452 praeterea
1043 384 1251 450 templa
1286 387 1529 451 omnium
1553 386 1797 453 Aegypti
1832 386 1965 437 deo-

323 600 329 611 “
366 593 645 656 ulnarum,
668 607 828 644 senas
850 593 1096 645 radicum
1120 604 1246 642 oras
1268 592 1600 644 obtinentes.
1678 593 1837 644 Fessi
1859 590 1970 642 iam
2003 596 2008 601 ‘

206 908 215 915 Ι
286 851 295 855 ’
358 869 660 923 ,columnae
684 868 751 920 de
785 868 1113 936 porphyrite.
1137 867 1323 934 lapide
1343 903 1359 930 ,
1402 868 1631 920 deorum
1650 869 1976 929 simulacra,

256 1900 261 1901 γ
306 1882 321 1901 ·.
363 1830 769 1899 quinquaginta
788 1834 1099 1885 mirabilior
1118 1833 1255 1885 fuit:
1275 1850 1505 1902 quarum
1529 1835 1585 1885 in
1608 1834 1838 1886 officina
1862 1840 1989 1888 'tur-

361 1899 527 1952 bines
543 1901 627 1953 ita
644 1902 834 1954 librati
860 1903 1253 1968 pependerunt,
1277 1911 1341 1956 ut
1357 1919 1532 1971 puero
1555 1905 1994 1972 circumagente

292 2056 296 2065 ·
358 2039 466 2100 lus,
503 2046 561 2094 et
580 2039 911 2092 Theodorus
943 2041 1217 2110 indigena.
1297 2043 1646 2108 Exstantque
1681 2041 1877 2096 adhuc
1902 1998 2017 2097 re·¹

294 2510 295 2515 ¹
359 2457 472 2504 tur.
541 2450 650 2503 Sed
689 2467 810 2502 cum
851 2454 1088 2504 excedat
1128 2456 1314 2505 omnia
1360 2454 1710 2517 fabulositas,
1744 2460 1974 2510 u‘tcimi

364 289 607 370 sedecim
647 316 962 368 nominibus
985 330 1201 378 earum,
1230 316 1468 369 totidem
1495 315 1672 368 rastis
1709 314 1967 369 domibus
2011 258 2017 311 1

365 471 486 507 rum
509 455 808 518 contineat,
831 469 1100 520 superque
1120 454 1384 505 Nemeses
1409 455 1722 520 quindecim
1743 453 1968 506 aedicu-¹

365 525 441 584 lis
460 524 768 584 incluserit,
810 523 1129 590 pyramides
1153 523 1465 588 complures
1489 521 1990 590 quadragenarum*

368 652 552 714 eundo
597 664 926 728 perveniunt
967 662 1036 713 ad
1062 661 1273 712 viarum
1316 661 1475 711 illum
1518 656 1971 728 inexplicabilem

369 745 634 784 errorem.
697 731 839 792 Quin
864 736 921 782 et
942 729 1242 783 coenacula
1264 730 1671 796 priusexcelsa,
1694 716 1973 796 porti‘cus-

367 814 474 866 que
496 800 865 850 ascenduntur
905 800 1205 867 nonagenis
1248 798 1517 864 gradibus
1564 814 1782 852 omnes:
1823 803 1973 866 intus

364 952 560 1004 regum
600 944 843 1000 statuae,
871 936 1263 989 monstriferae
1306 938 1539 1006 effigies.
1611 939 1975 999 Quarundam

356 1006 557 1058 'autem
600 1007 888 1058 domorum
929 1006 1060 1059 talis
1102 1011 1189 1058 est
1230 1006 1390 1067 situs,
1412 1014 1477 1057 ut
1516 1007 1977 1073 adaperientibus

365 1076 538 1136 sores,
581 1072 1100 1145 tonitruum'intus
1132 1076 1390 1145 terribile
1431 1076 1682 1128 exsistat.
1751 1078 1980 1128 Maiore

366 1151 556 1196 autem
597 1147 655 1195 in
676 1151 837 1211 parte
859 1146 1129 1197 transitus
1156 1151 1240 1196 est
1260 1160 1359 1210 per
1378 1147 1668 1197 tenebras:
1712 1145 1980 1212 aliaeque
2015 1190 2016 1193 ,

363 1228 557 1263 rursus
579 1219 740 1265 extra
771 1229 985 1265 murum
1027 1213 1339 1280 labyrinthi
1372 1214 1746 1266 aedificiorum
1773 1215 1980 1277 moles,

362 1289 567 1348 pteron
588 1283 888 1350 appellant.
942 1283 1079 1336 lude
1100 1284 1243 1350 aliae
1266 1284 1527 1350 perfossis
1547 1283 1817 1335 cuniculis
1842 1284 1978 1334 sub·

362 1349 659 1404 terraneae
683 1352 898 1404 domus.
970 1353 1193 1405 Refecit
1233 1369 1372 1404 unus
1415 1355 1641 1404 omnino
1673 1367 1864 1419 pauca
1898 1352 1984 1403 ibi

366 1421 716 1472 circummon
740 1421 911 1487 spado
935 1421 1202 1474 Nectabis
1223 1424 1394 1489 regis,
1438 1428 1567 1475 ante
1586 1421 1982 1474 Alexandrum

363 1489 629 1556 Magnum
654 1491 812 1541 annis
835 1492 1169 1557 quingentis.
1239 1491 1299 1542 Id
1327 1490 1544 1558 quoque
1567 1491 1829 1554 traditur,
1937 1490 1984 1541 l·

364 1557 511 1627 sisse
543 1559 794 1611 trabibus
831 1559 1025 1626 spinae
1073 1561 1197 1620 oleo
1236 1559 1505 1623 inmotae,
1550 1561 1677 1611 dum
1721 1558 1858 1611 forn
1956 1575 1984 1610 s

364 1625 620 1689 quadrati
642 1627 846 1692 lapidis
879 1634 1257 1695 assurgerent.
1327 1628 1413 1697 De
1448 1629 1723 1698 Aegyptio
1756 1635 1816 1684 et
1839 1628 1982 1682 Cre·
2015 1680 2016 1691 ,

361 1695 477 1746 tico
497 1693 853 1760 labyrinthis,
875 1697 1014 1748 satis
1039 1698 1248 1750 dictum
1271 1704 1373 1751 est.
1417 1718 1422 1721 “
1619 1724 1622 1729 ¹
2015 1694 2016 1709 ¹

433 1761 485 1813 3.
519 1762 788 1815 Lemnius
809 1766 1006 1816 similis
1031 1766 1167 1826 illis,
1207 1765 1481 1821 columnis
1502 1770 1718 1817 tantum
1745 1771 1988 1821 centum

359 1975 735 2022 tui-narentur.
806 1971 1108 2024 Architecti
1129 1973 1288 2023 illum
1308 1971 1498 2039 fecere*
1512 1972 1723 2023 Zmilus
1747 1980 1807 2025 et
1829 1973 1994 2027 Rho-

358 2107 573 2175 liquiae
607 2109 729 2163 eius
748 2143 768 2172 ,
807 2124 932 2162 cum
964 2111 1176 2164 Cretici
1206 2111 1508 2179 Italicique·
1535 2111 1696 2163 nulla
1724 2112 1997 2181 vestigia

361 2182 773 2326 exategftgmque
800 2251 859 2298 et
885 2245 1143 2300 Italicum
1161 2220 1290 2303 'dici
1328 2248 1602 2315 convenit,
1644 2262 1813 2327 quem
1837 2248 2005 2305 fecit

360 2313 477 2365 sibi
493 2312 775 2384 Porsenna
793 2329 895 2367 rex
912 2314 1171 2367 Etruriae
1193 2319 1434 2382 sepulcri
1458 2332 1629 2370 causa
1649 2350 1667 2377 ‚
1711 2319 1934 2387 simul⁴

358 2387 715 2434 externorum
747 2398 941 2450 regum
976 2385 1193 2436 vanitas
1233 2401 1449 2453 quoque
1470 2387 1538 2438 ab
1562 2385 1721 2437 italis
1747 2401 1944 2457 super

360 2516 535 2586 ipsius
556 2521 634 2572 M.
658 2519 933 2575 Varronis
969 2522 1042 2572 in'
1064 2525 1414 2595 expositione
1447 2525 1569 2576 eius
1591 2525 1807 2576 verbis=
1893 2526 2017 2605 Sti-4

361 2590 550 2655 pultus
572 2594 678 2650 est,
715 2589 913 2654 inquit,
945 2592 1046 2641 sub
1066 2592 1201 2643 urbe
1226 2592 1441 2643 Clusio:
1478 2593 1537 2644 in
1561 2607 1672 2661 quo
1694 2594 1832 2646 loco
1864 2612 2008 2650 mo·

361 2662 683 2710 numentum
707 2657 936 2726 reliquit
975 2659 1164 2724 lapide
1194 2660 1502 2725 quadrato:
1540 2663 1766 2730 singula
1787 2664 2012 2719 latera

363 2727 568 2791 pedum
590 2726 712 2777 lata
729 2725 1020 2791 tricenum,
1039 2728 1157 2780 alta
1177 2729 1649 2806 quinquagenum:
1686 2732 1878 2799 inque
1905 2736 2011 2788 ba·
