2017 3034
135 182 436 238 NATUR.
477 184 706 239 msT.
752 183 1224 263 mcxxxvu.
1265 186 1346 241 ιο.
1374 183 1450 269 ¹¹:
1523 159 1631 239 103

57 289 196 344 Nero
219 290 538 340 amissarum
558 302 741 340 rerum
764 286 958 341 nuntio
982 292 1228 352 accepto,
1273 288 1409 339 duos
1431 287 1632 341 calices
1689 350 1694 355 ‚

58 359 402 426 crystallinos
423 350 479 409 in
502 372 759 423 suprema
786 357 868 410 ira
888 357 1059 425 fregit
1079 356 1279 407 illisos.
1353 356 1508 408 Haec
1527 357 1634 409 fuit

58 430 190 479 ratio
218 428 460 478 seculum
499 442 659 478 suum
691 426 988 491 punientis,
1030 440 1098 476 ne
1119 426 1242 490 quis
1273 424 1415 475 alius
1448 439 1515 476 ex
1547 424 1636 476 his

59 498 280 549 biberet.
316 497 656 563 Fragmenta
674 495 869 545 sarciri
891 494 1045 561 null-o
1068 492 1233 544 modo
1254 500 1479 561 queunt.
1535 493 1637 544 Mi.

56 580 112 617 re
144 566 212 617 ad
249 564 671 631 similitudinem
715 578 999 616 accessere
1029 563 1227 624 vitrea,
1266 562 1364 614 sed
1396 561 1639 630 prodigii

59 634 234 695 modo,
280 638 344 683 ut
365 648 524 684 suum
546 632 797 702 'pretium
830 632 1090 687 auxerint
1114 631 1390 700 crystalli,
1431 646 1542 682 non
1562 629 1641 679 di-

60 702 367 753 minuerint.
1008 710 1018 717 “

118 770 210 822 Xl.
235 770 282 821 l.
318 770 639 823 Proximum
678 769 861 824 locum
904 773 963 823 in
1006 769 1250 833 deliciis,
1310 767 1643 820 feminarum

58 844 231 891 tamen
256 838 434 892 adhuc
455 848 687 903 tantum,
728 842 952 893 succina
973 841 1225 892 obtinent
1247 854 1259 887 t
1303 835 1643 900 eandemque

61 909 236 960 omnia
256 907 408 970 haec,
433 925 593 975 quam
619 925 888 977 gemmae,
920 910 1331 966 auctoritatem,
1375 919 1506 955 sane
1528 917 1642 952 ma·

61 978 224 1028 iorem
249 976 528 1044 aliquibus
568 978 637 1030 de
676 981 857 1030 causis
902 977 1235 1044 crystallina
1263 981 1321 1026 et
1342 972 1643 1029 murrinum,

60 1045 218 1111 rigidi
240 1052 402 1111 potus
424 1054 678 1115 utraque.
726 1048 786 1097 ln
809 1046 1051 1097 succinis
1074 1041 1294 1096 causam
1321 1060 1388 1095 ne
1409 1042 1644 1093 deliciae

60 1115 272 1180 quidem
293 1115 477 1168 adhuc
515 1116 988 1183 excogitaverunt.
1061 1115 1293 1165 Occasio
1324 1118 1407 1164 est
1432 1113 1645 1161 vanitas

63 1184 395 1235 Graecorum
417 1185 761 1253 diligentiae.
831 1185 1109 1249 Legentes
1140 1182 1304 1232 modo
1328 1195 1500 1246 aeque
1522 1192 1646 1243 per·

61 1252 338 1317 petiantur
358 1269 445 1305 me
468 1254 535 1306 de
560 1262 685 1304 ortu
711 1269 923 1313 eorum,
963 1267 1085 1303 cum
1110 1250 1216 1301 hoc
1237 1263 1449 1315 quoque
1475 1247 1644 1295 inter·

63 1325 130 1372 sit
149 1323 329 1387 vitae,
371 1323 516 1374 scire
549 1331 805 1388 posteros
829 1320 1092 1387 quidquid
1124 1319 1206 1368 illi
1228 1316 1519 1382 prodidere
1545 1312 1643 1362 mi·

62 1389 308 1443 randum.
377 1390 743 1443 Phaethontis
768 1390 1001 1442 fulmine
1023 1389 1121 1439 icti
1144 1400 1364 1436 sorores
1388 1382 1515 1434 fletu
1535 1395 1646 1431 mu·

63 1464 205 1510 tatas
230 1461 282 1509 in
312 1460 544 1512 arbores
564 1460 817 1527 populos,
838 1456 1088 1510 lacrimis
1109 1455 1371 1509 electrum
1393 1450 1645 1502 omnibus

64 1528 219 1579 annis
235 1528 468 1582 fundere
487 1530 642 1581 iuxta
661 1528 960 1582 Eridanum
985 1539 1221 1586 amnem,
1252 1537 1406 1589 quem
1436 1520 1675 1572 Padum.

62 1605 338 1648 vocamus:
381 1606 438 1650 et
462 1597 725 1650 electrum
753 1597 1109 1664 appellatum,
1149 1594 1411 1660 quoniam
1434 1589 1530 1641 Sol
1550 1602 1647 1638 vo-

26 1694 27 1697 =
63 1666 264 1717 citatus
287 1666 365 1716 sit
385 1667 629 1729 Elector,
652 1667 873 1733 plurimi
900 1669 1099 1732 poetae
1122 1664 1328 1724 dixere,
1351 1659 1646 1726 primique,

61 1739 119 1784 ut
138 1734 402 1796 arbitror,
443 1734 768 1802 Aeschylus,
787 1734 1140 1796 Philoxenus,
1162 1729 1450 1790 Nicander,
1490 1727 1650 1778 Euri·

62 1802 235 1869 pides,
259 1801 513 1872 Satyrus.
587 1804 747 1864 Quod
772 1820 892 1856 esse
913 1804 1132 1863 falsum,
1177 1800 1368 1852 ltaliae
1389 1796 1645 1849 testimo·

60 1871 144 1921 nio
168 1877 342 1936 patet.
413 1871 816 1939 Diligentiores
846 1887 1058 1934 eorum,
1098 1867 1407 1922 Electridas
1435 1862 1646 1915 insulas

59 1941 109 1987 in
133 1940 274 1990 mari
292 1938 577 1992 Adriatico
600 1956 721 1993 esse
742 1940 1017 2003 dixerunt,
1056 1940 1124 1990 ad
1149 1953 1285 2005 quas
1308 1935 1650 1987 dilaberetur

59 2006 254 2058 Padus.
330 2010 455 2070 Qua
476 2011 852 2076 appellatione
887 2010 1067 2060 nullas
1096 2020 1335 2073 unquam
1360 2004 1437 2054 ibi
1462 2000 1652 2061 fuisse,

59 2084 267 2128 certum
290 2085 404 2128 est:
429 2094 530 2129 nec
551 2090 681 2129 vero
703 2079 851 2130 ullas
871 2079 949 2129 ibi
968 2077 1254 2144 appositas
1276 2088 1418 2133 esse,
1439 2071 1492 2120 in
1515 2083 1649 2135 quas

62 2144 353 2211 quidquam
377 2147 696 2202 cursuPadi
726 2146 921 2199 devehi
946 2145 1139 2212 possit.
1211 2142 1351 2194 Nam
1375 2139 1520 2207 quod
1544 2141 1649 2189 Ae·

60 2211 363 2279 schylusin
389 2215 601 2278 Iberia,
649 2215 751 2267 hoc
779 2221 880 2277 est,
922 2215 978 2264 in
998 2211 1307 2277 Hispania,
1345 2206 1664 2262 Eridanum

60 2294 172 2332 esse
204 2281 371 2342 dixit,
411 2282 752 2350 eundemque
772 2283 1042 2349 appellari
1070 2279 1410 2339 Rhodanum,
1431 2275 1654 2341 Euripi·

62 2347 148 2398 des
167 2363 389 2412 rursus,
408 2358 464 2403 et
487 2353 814 2418 Apollonius
838 2352 893 2402 in
917 2351 1203 2402 Adriatico
1227 2345 1392 2398 litore
1415 2343 1656 2397 conflue·

58 2429 113 2468 re
160 2417 492 2470 Rhodanum
538 2429 596 2472 et
636 2420 867 2482 Padum,
907 2418 1215 2470 faciliorem
1257 2414 1469 2466 veniam
1515 2413 1654 2464 facit

59 2483 296 2555 ignorati
318 2486 561 2549 succini,
602 2489 655 2539 in
695 2495 849 2539 tanta
872 2488 1023 2543 orbis
1047 2485 1375 2552 ignorantia.
1455 2483 1651 2534 Mode-

59 2553 307 2617 suares,
346 2555 440 2606 sed
478 2572 650 2624 aeque
691 2556 914 2617 falsum,
942 2555 1248 2621 prodidere,
1294 2554 1347 2603 in
1395 2549 1653 2604 extremis

58 2620 328 2675 Adriatici
370 2623 523 2675 sinus
561 2625 789 2690 rupibus
831 2625 994 2675 inviis
1037 2624 1264 2675 arbores
1304 2628 1471 2678 stare,
1510 2626 1654 2681 quae

60 2691 221 2745 Canis
259 2700 385 2746 ortu
415 2691 520 2747 hoc
565 2693 910 2748 effunderent
942 2694 1163 2761 gummi.
1235 2683 1654 2752 Theophrastus
