2017 3034
426 6 447 31 Q

369 148 477 206 100
758 154 816 206 c.
872 104 1144 207 rhum
1180 147 1556 205 sscuxm

368 273 448 319 ¹ne
467 257 568 309 illa
589 255 827 308 similior
848 257 929 307 tui
953 262 1040 308 est
1070 256 1254 323 imago
1272 290 1289 317 ,
1334 269 1498 321 quam
1518 243 1803 320 Pyrenaei
1820 242 1987 316 iugis
2013 246 2014 263 ¹

373 325 730 392 imposuisti?
800 325 983 376 Grave
1027 324 1281 391 profecto
1322 323 1659 390 foedumque
1701 319 1981 386 probrum

377 401 504 447 erat
526 431 543 457 ,
584 394 638 444 ni
661 394 845 445 verius
865 395 985 444 irae
1009 394 1237 444 deorum
1269 398 1546 443 ostentum
1572 389 1727 440 credi
1751 396 1986 454 oporte-
2013 446 2014 451 Ἰ

319 492 323 496 -
377 473 488 524 ret,
530 463 789 529 clareque
812 462 1054 528 intelligi
1096 468 1318 527 posset„
1340 462 1451 512 iam
1478 456 1759 520 tumssillud
1785 464 1987 523 caput,
2011 472 2016 531 ‘¹

380 532 624 599 Orientis
667 532 863 596 opibus
906 534 1025 585 sine
1059 531 1291 597 'reliquo
1333 542 1565 593 corpore
1608 532 1986 581 ostentatum.
2015 558 2016 565 κ

379 602 582 652 Cetera
616 599 891 665 triumphi
921 599 1163 650 eiusdem
1198 612 1362 664 quam
1392 593 1605 659 virilia!
1678 593 1983 661 Reipubli-

381 684 483 720 cae
514 676 570 719 et
604 669 1027 737 quaestoribus,
1073 670 1163 733 qui
1198 682 1354 718 oram
1391 666 1560 717 maris
1591 661 1991 717 defendissent

381 736 570 787 datum
593 736 741 787 mille
775 736 1073 787 talentum:
1111 735 1391 791 militibus,
1414 733 1650 801 singulis
1687 747 1829 795 sena
1856 732 1990 782 mil-

377 805 454 855 lia
475 802 812 856 sestertium.
885 805 1350 856 'tolerabiliorem
1384 809 1570 854 tamen
1593 801 1727 854 fecit
1750 815 1991 852 causam

381 875 501 925 Caii
525 874 807 939 principis,
857 874 949 938 qui
981 888 1150 939 super
1171 874 1360 941 omnia
1375 870 1688 931 muliebria,
1714 870 1994 938 socculos

378 941 650 992 induebat
691 958 720 992 e
761 944 1079 1007 margaritis
1102 958 1114 993 :
1156 949 1213 993 et
1252 942 1485 993 Neronis
1527 939 1797 1007 principis
1818 974 1842 1000 ‚
1896 934 1995 1006 qui

382 1018 602 1075 sceptra
625 1015 680 1061 et
701 1023 962 1074 personas
988 1009 1313 1061 histrionum
1335 1045 1352 1071 ‚
1395 1018 1452 1061 et
1471 1009 1680 1060 cubilia
1695 1008 1998 1058 amatoria

382 1078 676 1128 unionibus
707 1080 1083 1129 construebat.
1153 1079 1299 1141 Quin
1328 1080 1497 1130 immo
1529 1077 1695 1128 etiam
1718 1076 1805 1126 ius
1832 1076 1995 1128 vide·

381 1161 510 1196 mur
533 1145 840 1210 perdidisse
864 1147 1197 1213 corripiendi
1221 1154 1500 1214 gemmata
1521 1144 1763 1214 potoria,
1804 1153 1876 1196 et
1895 1159 1996 1201 va-

382 1214 472 1266 ria
492 1213 862 1279 supellectilis
885 1230 1115 1282 genera,
1157 1214 1352 1267 anulos
1374 1220 1742 1267 transeuntes.
1816 1215 1997 1277 Quae

382 1285 534 1338 enim
555 1298 665 1333 non
686 1282 910 1334 luxuria
931 1285 1285 1339 innocentior
1304 1284 1613 1336 existimari
1638 1281 1865 1350 possiti}

451 1351 576 1404 Vll.
613 1352 824 1403 Eadem
847 1353 1090 1405 victu-ia
1118 1354 1358 1423 primum
1386 1356 1443 1403 in
1467 1354 1664 1405 Urbem
1687 1350 1999 1404 mul-rhina

381 1422 620 1473 invexit:
661 1421 973 1487 primusque
1000 1421 1295 1489 Pompeius
1327 1422 1544 1489 lapides
1579 1426 1636 1473 et
1667 1419 1890 1486 pocula
1924 1436 1998 1473 ex

385 1505 455 1545 eo
479 1488 758 1554 triumpho
774 1490 1102 1555 ,Capitolino
1128 1491 1243 1542 lovi
1263 1491 1511 1545 dicavit:
1557 1504 1697 1556 quae
1719 1489 1997 1556 protinus

384 1558 457 1610 ad
481 1556 761 1608 hominum
785 1572 941 1608 usum
976 1562 1246 1614 transiere
1266 1595 1283 1622 ,
1319 1559 1508 1611 abacis
1531 1560 1698 1610 etiam
1723 1558 2000 1610 escariis·

384 1641 491 1692 que
515 1627 662 1677 vasis
694 1626 820 1676 inde
853 1631 1133 1693 expetitis.
1205 1629 1600 1695 Excrescitque
1630 1628 1686 1678 in
1718 1626 1849 1678 dies
1876 1629 2006 1679 eius

380 1695 467 1747 rei
490 1695 670 1755 luxus,
714 1695 996 1748 niurrhino
1023 1696 1179 1750 Lxx
1202 1698 1426 1750 talentis
1451 1703 1617 1759 emto,
1641 1692 1854 1762 capaci‘
1876 1696 2001 1763 pla·

383 1779 454 1815 ne
479 1762 549 1812 ad
571 1764 848 1815 sextarios
878 1771 993 1817 tres
1020 1767 1209 1818 calice.
1280 1765 1505 1818 Putavit
1537 1779 1607 1817 ex
1636 1780 1702 1816 eo
1727 1772 1872 1824 ante
1897 1764 2006 1819 hos

384 1846 562 1883 annos
586 1833 929 1896 consularis,
970 1834 1042 1885 ob
1067 1849 1311 1886 anion-em
1336 1836 1540 1887 obroso
1562 1833 1682 1887 eius
1704 1835 2006 1902 margine,

382 1907 448 1952 ut
469 1908 651 1952 tamen
675 1902 884 1953 iniuria
904 1903 1004 1953 illa
1024 1904 1261 1969 pretium
1283 1908 1541 1971 augeret:
1578 1917 1758 1969 neque
1779 1912 1882 1954 est
1908 1903 2008 1956 ht»

350 1970 476 2021 ‘die
500 1968 767 2021 murt-hini
788 1971 1021 2023 alterius
1045 1972 1418 2037 praestantior
1437 1972 1774 2037 indicatura„
1799 1998 1802 2003 ·
1840 1972 2006 2026 idem

379 2039 442 2090 in
465 2035 693 2109 reliquis
713 2039 929 2106 generis
949 2041 1070 2091 eius
1090 2045 1356 2106 quantum
1376 2039 1675 2103 voraverit,
1697 2038 1850 2091 lieet
1879 2043 2006 2094 exi-

382 2107 616 2159 stimare
640 2122 707 2159 ex
729 2108 1108 2169 multitudine,
1149 2123 1289 2175 quae
1310 2115 1468 2161 tanta
1488 2109 1614 2172 fuit,
1640 2115 1705 2160 ut
1727 2107 2010 2163 auferen-

380 2182 440 2228 te
461 2176 655 2228 liberis
679 2176 800 2231 eius
821 2176 1045 2229 Nerone
1066 2174 1318 2229 Domitio
1334 2213 1353 2242 ,
1386 2175 1668 2230 theatrum
1695 2178 2012 2244 peculiare

286 2279 291 2284 -
382 2250 539 2294 trans
573 2244 821 2295 Tiberim
850 2242 1030 2298 hortis
1062 2246 1324 2314 exposita
1356 2252 1719 2312 occuparent:
1759 2248 1936 2314 quod
1980 2264 2012 2298 a

382 2311 588 2376 populo
611 2311 835 2377 impleri
857 2320 1088 2367 canente
1110 2331 1171 2368 se
1190 2349 1208 2377 ,
1249 2315 1378 2367 dum
1402 2312 1747 2380 Pompeiano
1770 2315 2013 2382 praelu-

383 2377 485 2440 dit,
509 2382 678 2430 etiam
702 2380 908 2433 Neroni
930 2382 1070 2434 satis
1095 2390 1245 2437 erat:
1282 2386 1374 2453 qui
1398 2384 1541 2435 vidit
1561 2389 1695 2435 tune
1715 2396 2011 2438 annume-

385 2446 501 2496 rari
524 2448 687 2496 unius
707 2449 904 2516 scyphi
925 2450 1104 2503 fracta
1135 2454 1382 2505 membra
1408 2485 1426 2513 ,
1466 2451 1686 2519 quaein
1712 2452 1814 2503 dol
1824 2469 2014 2516 orem,

385 2514 512 2565 cred
518 2514 771 2576 o,seculi‚
781 2517 1153 2587 invidiamque
1174 2519 1452 2582 fortunae,
1465 2528 1729 2588 tanquam
1751 2521 2013 2579 Alexan·

386 2581 472 2632 dri
493 2582 685 2650 Magni
708 2598 929 2651 corpus,
965 2589 1024 2640 in
1049 2588 1361 2641 conditorio
1384 2591 1617 2651 servari,
1654 2596 1718 2640 ut
1744 2599 2014 2647 ostenta·

386 2657 609 2729 rentur,
652 2649 930 2719 placebat.
1000 2657 1069 2713 T.
1088 2656 1383 2713 Petronius
1417 2658 1730 2712 consularis
1754 2664 2014 2717 moritu·
