2017 3034
162 146 742 223 Na'ruitjiis‘r.
782 145 1510 233 LIB.xxxv11.38-43.
1595 146 1698 206 125
1752 228 1756 237 ὁ

4 278 5 283 1
87 247 441 323 praecellens
465 246 633 304 d‘ebet
654 265 779 306 esse
801 251 860 303 in
880 256 1162 320 suspectu,
1181 250 1341 304 velut
1364 266 1435 305 ex
1458 250 1695 307 carbun-

90 322 220 376 culo
241 319 526 388 refulgens
549 321 768 389 quidam
803 323 862 373 in
889 337 1135 390 purpura
1168 321 1371 374 leviter
1402 336 1597 377 roseus
1616 325 1701 376 ni·

81 397 195 445 tor.
266 389 438 441 Tales
460 389 641 458 aliqui
661 392 875 444 malunt
898 393 1235 459 paederotas
1261 392 1468 455 vocari,
1483 393 1583 445 alii
1607 410 1701 447 an-

32 482 39 486 ·
84 465 322 522 ter-otas,
345 460 512 515 multi
532 459 1085 530 Veneris‘gemmam,
1107 460 1257 528 quod
1291 462 1533 515 maxime
1554 463 1700 516 vide·
1799 480 1802 489 ¹

85 536 180 581 tur
198 529 401 582 decere
421 535 480 583 et
501 532 718 597 species
753 538 812 584 et
843 532 1018 583 colos.
1091 531 1202 583 Eas
1225 545 1476 599 gemmas
1500 533 1698 600 Mago-

86 611 211 648 rum
245 599 470 651 vanitas
507 601 778 654 resistere
819 601 1081 654 ebrietati
1127 601 1442 667 promittit,
1485 608 1543 653 et
1573 599 1701 654 inde

4 678 5 681 ’
84 666 423 734 appellatas.
497 667 799 723 Praeterea
818 672 869 724 si
887 671 1082 724 Lunae
1104 685 1305 722 nomen
1332 677 1433 723 aut
1456 670 1603 724 Solis
1625 674 1706 724 in»-

85 743 307 789 seratur
325 732 498 799 iniis,
523 744 689 805 atque
712 740 794 790 ita
822 738 1234 806 suspendantur
1253 740 1405 790 collo
1429 754 1460 792 e
1482 740 1700 807 capillis

85 804 476 874 cynocephali,
499 808 591 859 vel
612 807 822 874 plumis
836 807 1173 868 hirundinis,
1213 809 1482 861 resistere
1502 811 1704 861 venefi-

86 876 210 928 ciis.
281 876 652 944 lamquoque
688 877 887 928 adesse
923 890 1085 944 reges
1123 874 1385 928 adituris.
1459 877 1700 929 Grandi·

84 958 210 998 nem
230 949 510 1015 avertere,
547 951 607 997 et
623 945 892 1010 locustas,
933 946 1260 1012 precatione
1282 946 1495 1009 addita,
1538 961 1702 1015 quam

85 1013 494 1066 demonstrant.
565 1013 712 1066 Nam
744 1014 1061 1081 smaragdis
1093 1028 1313 1083 quoque
1336 1016 1545 1069 similia
1566 1031 1698 1084 pro·

4 1118 7 1153 ς
85 1080 307 1146 misere,
329 1083 383 1135 si-
403 1083 626 1150 aquilae
650 1085 1059 1153 scalperentur,
1086 1089 1187 1137 aut
1210 1085 1533 1138 scarabaei:
1555 1100 1700 1153 quac

86 1151 311 1220 quidem
332 1152 627 1219 scripsisse
671 1168 769 1206 eos
810 1168 923 1207 non
964 1156 1085 1208 sine
1121 1160 1410 1208 contemtu
1451 1161 1509 1209 et
1530 1156 1700 1209 irrisu

83 1220 306 1291 generis
328 1219 557 1273 humani
580 1220 846 1276 arbitror.

155 1289 307 1344 XLI.
345 1290 589 1344 Multum
629 1294 702 1348 ab
733 1308 802 1347 ea
844 1290 1019 1343 distat
1059 1289 1418 1357 hyacinthos,
1458 1299 1644 1344 tamen
1667 1309 1700 1346 e

83 1361 275 1415 vicino
293 1358 653 1431 descendens.
725 1361 1072 1414 Differentia
1093 1357 1250 1428 haec,
1274 1358 1423 1426 quod
1444 1360 1546 1412 ille
1567 1363 1701 1414 emi·

87 1443 219 1483 cans
246 1428 311 1481 in
345 1429 665 1498 amethysto
706 1431 902 1498 fulgor
936 1429 1248 1491 violaceus,
1289 1428 1501 1481 dilutus
1524 1437 1611 1483 est
1641 1434 1698 1482 in

4 1560 21 1579 ρ
85 1496 414 1567 hyacintho.
484 1499 672 1557 Primo
708 1512 927 1569 quoque
959 1508 1192 1566 aspectu
1220 1502 1451 1567 gratum,
1497 1514 1714 1555 emnem

85 1569 196 1620 scit
237 1572 543 1637 autequam
579 1571 765 1634 satiet,
807 1571 1063 1637 adeoque
1102 1584 1211 1621 non
1235 1569 1438 1636 implet
1483 1571 1698 1634 oculos,

86 1645 353 1761 utpssaene
371 1655 481 1693 non
504 1641 780 1714 attingat,
821 1653 1173 1715 marcescens
1198 1639 1436 1692 celerius
1456 1641 1696 1694 nominis

84 1723 169 1760 sui
235 1722 355 1761 ore.

149 1777 331 1832 XLII.
367 1775 725 1846 Hyacinthos
757 1777 1057 1847 Aethiopia
1077 1779 1258 1832 mittit
1280 1816 1296 1843 ,
1342 1787 1401 1831 et
1424 1778 1699 1849 chrysoli-

82 1845 228 1911 thori,
273 1863 445 1902 aureo
464 1847 685 1913 fulgore
708 1848 1134 1902 translucentes.
1205 1848 1604 1902 Praeferuntur
1625 1851 1697 1900 iis

83 1916 326 1981 Indicae,
371 1924 431 1970 et
446 1917 498 1969 si
517 1917 708 1968 variae
731 1932 838 1969 non
863 1920 996 1980 sint,
1038 1919 1377 1970 Tibaranae.
1445 1917 1698 1971 Deterri-

85 1999 203 2040 mae
227 1993 419 2041 autem
450 1986 750 2048 Arabicae,
790 1988 1055 2056 quoniam
1082 1985 1345 2038 turbidae
1363 1992 1495 2036 sunt
1518 1991 1577 2037 et
1596 2000 1692 2037 va-

83 2057 217 2119 riae,
260 2062 320 2110 et
348 2054 636 2122 fulgentes
666 2055 1064 2123 interpellatae
1098 2054 1295 2106 nubilo
1329 2054 1696 2123 macularum,

84 2127 251 2179 etiam
275 2140 422 2194 quae
446 2124 712 2193 limpidae
731 2125 1022 2192 contigere
1042 2160 1060 2188 ,
1099 2124 1274 2176 veluti
1294 2123 1460 2175 scobe
1481 2138 1584 2174 sua
1602 2139 1692 2177 re·

4 2238 9 2249 ,
84 2192 284 2249 sertae.
359 2195 618 2263 Optimae
648 2209 783 2256 vero
815 2203 972 2258 sunt,
1014 2206 1154 2260 quae
1175 2193 1234 2243 in
1259 2192 1567 2248 collatione
1592 2210 1690 2247 au-

79 2276 203 2316 rum
228 2262 478 2318 albicare
515 2262 754 2332 quadam
778 2262 997 2335 argenti
1027 2261 1172 2314 facie
1195 2266 1420 2327 cogunt.
1490 2263 1693 2318 Funda

81 2332 446 2459 itlilzlluduntur
494 2334 844 2403 perspicuae.
920 2332 1139 2388 Ceteris
1191 2328 1492 2405 subiicitur
1544 2337 1693 2388 auri·

86 2417 117 2453 c
210 2414 361 2457 cum:
552 2448 563 2453 -
880 2448 881 2451 ,
1085 2415 1102 2460 χ

151 2471 354 2527 XLIII.
389 2470 507 2528 Iam
532 2474 704 2527 etiam
733 2477 994 2543 expertes
1030 2484 1372 2540 gemmarum
1395 2487 1499 2525 usu
1519 2507 1537 2536 ,
1603 2487 1695 2538 ap-

84 2541 371 2607 pellantur
392 2543 570 2610 aliqui
602 2548 661 2595 et
682 2542 1053 2611 chryselectri
1078 2579 1095 2606 ,
1133 2541 1190 2593 in
1225 2541 1469 2594 colorem
1493 2541 1697 2599 electri

83 2610 449 2675 declinantes,
480 2613 756 2665 matutino
780 2616 994 2664 tantum
1021 2616 1251 2680 aspectu
1272 2606 1520 2662 iucundi.
1556 2607 1697 2659 Pon-

83 2681 224 2733 ticas
264 2680 636 2751 deprehendit
675 2682 909 2741 levitas.¹
976 2681 1272 2757 Quaedam
1305 2680 1363 2730 in
1407 2679 1478 2728 iis
1519 2676 1695 2731 durae
1783 2748 1794 2760 .
1859 2724 1870 2734 .

1354 2846 1380 2853 .-
