2017 3034
230 76 810 195 Narulzssmsji'.
860 129 1577 187 Liss.xxxvn.13-15.
1649 132 1752 188 109

158 237 319 290 hrum
340 234 625 295 Mercurii,
648 240 811 300 atque
834 233 1072 284 insulam
1098 235 1357 286 Meroenz
1384 236 1750 304 dixeruntque

157 323 270 358 non
296 305 622 370 ampliorem
645 303 887 359 cucumis
911 303 1140 364 semine,
1182 310 1279 353 aut
1303 306 1487 357 colore
1512 305 1751 358 dissimi-

153 375 267 427 lem
292 372 545 424 inveniri.
615 372 771 425 Nunc
792 386 1000 438 genera
1021 372 1140 422 eius
1165 385 1261 423 sex
1296 382 1618 425 noscuntur:
1664 376 1750 427 ln·

159 443 289 504 dici,
313 457 420 493 non
445 443 503 491 in
525 455 660 491 auro
680 441 981 500 nascentis,
1004 441 1100 491 sed
1125 440 1357 506 quadam
1385 443 1640 508 crystalli
1662 458 1753 494 co·

159 512 448 580 gnatione.
523 508 810 576 Siquidem
851 515 910 560 et
940 508 1126 561 colore
1148 510 1621 562 translucidomon
1646 511 1750 562 dif-

157 581 288 641 fert,
312 587 368 630 et
392 579 630 629 laterum
656 578 958 643 sexangulo
981 577 1205 629 laevore
1227 579 1539 630 turbinatus
1562 580 1619 630 in
1642 595 1755 631 mu·

160 663 418 701 emnem:
462 652 558 697 aut
598 647 809 697 duabus
852 646 1150 697 contrariis
1182 640 1450 711 partibus,
1489 655 1552 700 ut
1572 651 1619 699 si
1645 649 1753 699 duo

46 749 63 767 x
157 717 412 771 turbines
435 715 722 765 latissimis
743 716 861 765 suis
903 715 1157 780 partibus
1180 717 1507 781 iungantur:
1548 718 1758 783 magni·

22 2224 43 2983 ξ

155 786 360 839 tudine
382 799 512 836 vero
538 786 702 835 etiam
727 783 1012 834 avellanae
1035 784 1230 835 nuclei.
1289 784 1496 835 Similis
1520 793 1605 838 est
1627 785 1757 837 huic

159 856 386 924 quidem
402 853 691 913 Arabicus,
705 852 882 903 minor
899 852 1403 913 tantum,similiter
1421 861 1478 906 et
1500 845 1757 907 nascensx

162 923 367 977 ceteris
392 921 574 989 pallor
593 921 828 989 argenti,
870 925 928 970 et
947 921 1165 972 in·auro
1211 936 1321 972 non
1346 923 1452 973 nisi
1477 923 1753 976 excellen-

159 994 405 1052 tissimo,
428 990 687 1047 natales...t
735 988 1036 1041 incudibus
1058 990 1113 1040 hi
1137 989 1640 1057 deprehenduntur,
1672 995 1758 1044 ita

159 1066 487 1127 respuentes
507 1059 697 1121 ictum,
715 1064 779 1109 ut
801 1058 1007 1111 ferrum
1033 1060 1288 1125 utrinque
1309 1060 1585 1122 dissultet,
1607 1062 1759 1113 incu-

162 1132 370 1197 desque
394 1129 565 1181 etiam
606 1128 760 1194 ipsae
796 1128 1093 1179 dissiliant.
1165 1128 1380 1195 Quippe
1413 1131 1625 1182 duritia
1646 1134 1758 1182 ine·

136 1197 466 1251 'narrabilis
509 1202 611 1258 est,
649 1196 923 1262 simulque
964 1196 1176 1262 ignium
1215 1200 1420 1248 victrix
1448 1206 1662 1259 natura,
1703 1204 1761 1248 et

160 1282 447 1334 nunquam
470 1265 829 1316 incalescens.
903 1263 1059 1316 Unde
1084 1273 1142 1317 et
1162 1280 1357 1316 nomen
1381 1265 1653 1317 indomita
1677 1267 1760 1315 ris

164 1337 385 1390 Graeca
408 1333 868 1399 interpretatione
891 1334 1123 1399 accepit.
1184 1334 1357 1383 Unum
1383 1348 1449 1384 ex
1472 1333 1538 1384 iis
1564 1339 1761 1384 vorant

166 1402 461 1465 cenchron,
485 1401 628 1468 quod
649 1411 732 1453 est
755 1401 897 1452 milii
918 1401 1314 1467 magnitudine.
1369 1402 1619 1454 Alterum
1645 1402 1761 1453 Ma·

166 1473 497 1528 cedoniuum
539 1473 595 1523 in
630 1469 939 1536 Philippico
984 1480 1120 1520 auro
1143 1476 1444 1536 repertum:
1490 1477 1546 1522 et
1567 1469 1655 1522 hic
1677 1476 1762 1522 est

164 1543 415 1601 cucumis
457 1540 656 1591 semini
696 1554 815 1605 par.
886 1537 1024 1588 Post
1063 1537 1165 1589 hos
1184 1540 1420 1607 Cyprius
1450 1546 1687 1591 voeatur
1707 1542 1761 1590 in

167 1612 357 1679 Cypro
382 1617 650 1675 repertus,
690 1621 922 1672 vergens
945 1607 999 1657 iu
1029 1622 1246 1663 aereum
1283 1610 1544 1669 colorem,
1587 1608 1683 1661 sed
1709 1608 1763 1659 in

167 1679 464 1738 medicina,
488 1685 549 1728 ut
574 1677 839 1736 dicemus,
860 1676 1288 1728 efficacissimus.
1360 1678 1495 1731 Post
1514 1677 1659 1729 hunc
1680 1684 1766 1729 est

167 1749 431 1802 siderites
453 1746 619 1798 ferrei
641 1744 975 1811 splendoris,
993 1746 1234 1810 pondere
1258 1751 1388 1799 ante
1411 1752 1647 1809 ceteros,
1666 1745 1764 1797 sed
1803 1783 1808 1791 .

116 1816 124 1827 “
168 1826 374 1870 natura
393 1812 702 1867 dissimilis.
774 1812 912 1865 Nam
935 1821 992 1865 et
1011 1814 1219 1867 ictibus
1240 1814 1531 1881 frangitur,
1573 1822 1631 1868 et
1650 1814 1764 1866 alio

168 1887 489 1951 adamante,
518 1876 795 1950 perforari
818 1888 1030 1947 potesta
1073 1883 1221 1949 quod
1247 1889 1304 1934 et
1326 1884 1531 1950 Cyprio
1556 1883 1767 1935 evenit:

154 1954 547 2017 *breviterquffi
586 1957 651 2002 ut
671 1951 990 2018 degeneres,
1034 1952 1268 2001 nominis
1286 1957 1502 2000 tantum
1525 1952 1798 2011 auctori·„

106 2020 115 2026 ’
174 2032 351 2077 tatem
375 2020 600 2074 habent.
644 2019 834 2086 ldq‘ue,
856 2018 1001 2083 quod
1023 2022 1158 2070 totis
1169 2014 1547 2070 voluminibus
1568 2017 1653 2068 his
1674 2017 1769 2068 do·

174 2108 301 2146 cere
347 2095 407 2144 et
447 2088 708 2141 mandare
731 2090 915 2140 eonati
939 2101 1144 2149 sumus,
1187 2086 1257 2137 de
1287 2085 1564 2137 discordia
1586 2100 1767 2138 rerum

175 2159 606 2225 concordiaque,
628 2170 788 2222 quam
816 2155 1183 2236 antipathiam
1204 2168 1269 2205 ac
1289 2153 1654 2220 sympathiam
1678 2169 1772 2222 ap·

178 2230 461 2296 pellavere
484 2226 712 2286 Graeci,
753 2225 1052 2277 non-aliter
1071 2222 1276 2274 clarius
1294 2222 1539 2293 intelligi
1565 2230 1769 2292 potest.

179 2299 237 2350 Si
280 2297 467 2351 uidem
506 2294 609 2345 illa
644 2293 854 2344 invicta
877 2291 962 2342 vis
985 2290 1217 2343 duarum
1240 2292 1771 2345 violentissimarum

180 2313 420 2418 naffurae
461 2377 648 2415 rerum
693 2359 828 2413 ferri
867 2359 1121 2424 ignisque
1159 2362 1515 2424 contemtrix,
1558 2360 1773 2414 hircino

180 2433 461 2500 rumpitur
484 2430 772 2497 sanguine,
814 2443 995 2493 nequ·
1014 2429 1182 2481 aliter
1220 2444 1383 2497 quam
1404 2432 1617 2483 recenti
1641 2427 1772 2480 cali·

182 2505 369 2568 doque
390 2505 689 2560 macerata,
718 2505 787 2550 et
814 2497 895 2548 sic
934 2511 1150 2564 quoque
1167 2499 1359 2550 multis
1379 2500 1607 2551 ictibus:
1645 2501 1778 2546 tunc

185 2575 384 2631 etiam,
424 2575 816 2638 praeterquam
861 2566 1129 2626 eximias,
1169 2567 1401 2618 incudes
1436 2565 1776 2629 malleosque

184 2637 470 2709 frangens.
542 2636 713 2690 Cuius
731 2634 839 2687 hoc
858 2634 1082 2701 ingenio
1101 2633 1421 2689 inventurn}
1449 2645 1627 2700 quove
1647 2643 1773 2681 casu
