2017 3034
357 162 425 214 48
699 158 783 210 .c.
850 156 1133 210 PLIN‘ll
1201 126 1576 207 §acuum

359 265 557 315 mentis
596 260 835 321 additur,
878 258 1287 326 praecipueque
1315 259 1376 309 in
1420 254 1859 325 calliblepharis,
1903 264 1965 310 et

362 331 664 384 inficiendis
685 329 917 395 capillis.

431 396 599 454 LVll.
635 401 833 450 Cretae
855 399 1018 463 plura
1052 409 1275 464 genera.
1347 397 1436 447 Ex
1456 396 1526 446 iis
1550 394 1824 447 Cimoliae
1845 396 1967 447 duo

365 472 432 523 ad
456 470 698 520 medicos
731 467 1086 533 pertinentia,
1127 463 1448 526 candidum,
1491 472 1549 516 et
1569 464 1641 515 ad
1667 467 1965 530 purpuris-

362 554 485 590 sum
512 536 803 591 inclinans.
875 535 979 588 Vis
1014 536 1234 600 utrique
1265 534 1335 584 ad
1366 533 1750 585 discutiendos
1777 540 1971 584 tumo-

360 624 469 668 res,
511 611 569 659 et
608 604 885 657 sistendas
927 604 1199 656 fluxiones
1238 606 1397 654 aceto
1440 608 1704 653 assumto.
1737 617 1743 629 ·
1776 602 1971 655 Panos

365 689 584 743 quoque
607 680 663 725 et
682 671 966 740 parotidas
989 671 1242 724 cohibet:
1302 678 1359 722 et
1380 670 1625 723 lichenas
1641 670 1821 731 illita,
1868 687 1969 737 pu·

365 746 642 811 aulasque.
713 742 774 794 Si
788 756 925 795 ⁴vero
950 740 1328 808 aphronitrum
1351 748 1410 794 et
1432 743 1637 792 nitrum
1661 740 1970 792 adficiatur

366 822 424 866 et
444 819 678 874 acetum,
702 818 759 864 et
778 810 978 878 pedum
996 816 1270 861 tumores:
1311 810 1396 861 ita
1413 816 1476 860 ut
1506 810 1560 860 in
1588 809 1719 861 Sole
1742 811 1970 861 curatio

366 881 507 933 haec
527 882 643 944 fiat,
664 886 867 947 etpost
885 895 984 930 sex
1005 880 1173 930 horas
1192 893 1335 945 aqua
1354 880 1503 931 salsa
1523 880 1801 930 abluatur.
1861 881 1974 930 Te·

366 952 538 1002 stium
569 951 879 1001 tumoribus
902 949 1085 1014 Cypro
1121 955 1176 999 et
1198 963 1326 998 cera
1355 948 1550 999 addita
1568 944 1818 1014 prodest.
1901 950 1975 999 Et

368 1019 739 1085 refrigerandi
774 1032 992 1084 quoque
1021 1023 1224 1067 natura
1256 1024 1441 1069 cretae
1472 1023 1583 1068 est:
1619 1016 1976 1082 sudoresque

368 1088 697 1139 immodicos
730 1087 882 1138 sistit
914 1086 1080 1136 illita.
1152 1087 1328 1152 Atque
1358 1084 1710 1152 itaepapulas
1738 1085 1976 1137 cohibet

368 1171 438 1208 ex
476 1159 601 1206 vino
644 1160 892 1205 assumta
929 1155 989 1202 in
1032 1154 1283 1204 balineis.
1387 1155 1677 1206 Laudatur
1719 1154 1977 1205 maxime

367 1223 709 1276 Thessalica.
782 1221 1044 1272 Nascitur
1077 1227 1134 1272 et
1170 1222 1228 1271 in
1272 1221 1454 1289 Lycia
1484 1224 1633 1274 circa
1655 1222 1977 1274 Bubonem.

364 1294 471 1345 Est
500 1299 557 1346 et
580 1292 721 1343 alius
745 1290 1015 1343 Cimoliae
1034 1305 1167 1340 usus
1187 1291 1246 1342 in
1268 1291 1532 1342 vestibus.
1602 1291 1746 1343 Nam
1768 1291 1978 1352 Sarda,

367 1378 514 1431 quae
553 1361 788 1414 affertur
825 1375 855 1411 e
888 1359 1164 1420 Sardinia,
1207 1359 1460 1411 candidis
1488 1366 1707 1412 tantum
1731 1363 1979 1412 assumi-

369 1440 477 1492 tur,
500 1430 718 1481 inutilis
738 1428 1195 1480 versicoloribus:
1235 1433 1292 1480 et
1313 1436 1400 1480 est
1420 1430 1694 1481 vilissima
1718 1432 1978 1481 omnium

370 1500 643 1553 Cimoliae
682 1512 967 1566 generum:
1004 1497 1310 1562 pretiosior
1352 1498 1629 1561 Umbrica,
1692 1506 1750 1550 et
1796 1513 1979 1565 qaam

324 1622 331 1623 ff
366 1575 568 1620 vocant
587 1581 796 1621 saxum.
865 1566 1188 1630 Proprietas
1213 1567 1355 1629 saxi,
1377 1568 1526 1633 quod
1547 1569 1747 1619 crescit
1770 1566 1829 1618 in
1857 1584 1984 1621 ma-

367 1638 635 1689 cerando:
673 1640 840 1700 atque
864 1635 1107 1700 pondere
1129 1636 1358 1698 emitur,
1396 1632 1793 1688 illamensura.
1836 1638 1983 1688 Um-

366 1707 523 1758 brica
545 1718 654 1755 non
674 1703 785 1754 nisi
808 1703 1083 1768 poliendis
1110 1705 1356 1755 vestibus
1377 1705 1716 1757 assumitur.-
1768 1705 1983 1772 Neque

366 1777 514 1826 enim
569 1773 744 1842 igebit
764 1770 904 1823 hanc
924 1786 1140 1838 quoque
1163 1779 1374 1838 partem
1399 1776 1700 1840 attingere,
1717 1789 1853 1825 cum
1881 1776 1983 1828 lex

366 1843 512 1896 Meti
537 1844 593 1893 ia
612 1845 799 1894 exstet
819 1840 1127 1892 fullonibus
1149 1840 1316 1902 dicta,
1357 1856 1522 1909 quam
1545 1844 1607 1894 C.
1633 1842 1986 1906 Flaminius,

368 1911 435 1963 L.
458 1910 722 1963 Aemilius
748 1925 1008 1961 censores
1031 1908 1233 1962 dedere
1263 1909 1332 1960 ad
1368 1911 1630 1978 populum
1653 1911 1985 1973 ferendam.

364 1980 519 2033 Adeo
544 1979 730 2030 omnia
759 1979 1063 2030 maioribus
1094 1993 1258 2029 curae
1287 1978 1462 2032 fuere.
1534 1981 1683 2046 Ergo
1707 1980 1861 2032 ordo
1885 1982 1987 2034 hic

365 2055 476 2102 est:
514 2049 747 2116 primum
787 2046 1034 2099 abluitur
1076 2048 1254 2099 vestis
1293 2046 1485 2111 Sarda,
1525 2047 1656 2099 dein
1694 2049 1988 2116 sulphure

364 2117 580 2170 suffitur
594 2136 609 2167 ι
647 2130 778 2168 mox
797 2116 1189 2182 desquamatur
1207 2116 1456 2179 Cimolia,
1480 2131 1621 2185 quae
1643 2124 1733 2168 est
1755 2118 1991 2171 coloris
2016 2144 2017 2147 ¹

363 2189 499 2239 veri.
570 2186 815 2240 Fucatus
836 2186 983 2237 enim
1006 2184 1454 2250 deprehenditur,
1474 2188 1893 2253 nigrescitque,
1932 2195 1995 2240 et

364 2253 621 2306 funditur
638 2251 916 2319 sulphure.
984 2252 1166 2305 Veros
1208 2260 1392 2306 autem
1429 2262 1483 2307 et
1503 2258 1790 2320 pretiosos
1811 2258 1989 2311 colo-

362 2336 456 2375 res
479 2322 696 2375 emollit
715 2322 967 2384 Cimolia,
989 2327 1047 2372 et
1068 2322 1305 2387 quodam
1327 2326 1510 2375 nitore
1534 2323 1821 2376 exhilarat
1847 2340 1994 2378 con-

363 2393 623 2444 tristatos
642 2389 924 2456 sulphure.
998 2389 1265 2441 Candidis
1286 2393 1536 2443 vestibus
1555 2407 1752 2444 saxum
1772 2394 1992 2446 utilius

365 2474 401 2511 a
420 2459 703 2528 sulphure,
722 2457 1000 2509 inimicum
1024 2459 1320 2512 coloribus.
1391 2461 1632 2513 Graecia
1651 2477 1757 2530 pro
1781 2454 1991 2516 Cimo·

364 2528 447 2580 lia
466 2527 814 2595 Tymphaico
833 2527 1012 2577 utitur
1034 2541 1231 2593 gypso.
1721 2574 1730 2577 ,
2015 2564 2016 2573 ,

442 2596 634 2648 Lvnl.
668 2595 792 2645 Alia
815 2601 970 2646 creta
990 2597 1305 2661 argentaria
1329 2594 1675 2663 apponatur,
1716 2594 1992 2652 nitorem
2014 2600 2016 2639 ἰ

367 2670 600 2732 argento
618 2661 874 2714 reddens.
910 2662 1016 2714 Est
1036 2671 1095 2715 et
1112 2665 1399 2730 vilissima,
1419 2681 1532 2733 qua
1553 2667 1774 2718 Circum
1796 2678 1991 2734 prae·
2015 2698 2016 2715 2
