<?xml version="1.0" encoding="UTF-8"?>
<!DOCTYPE html PUBLIC "-//W3C//DTD XHTML 1.0 Transitional//EN"
    "http://www.w3.org/TR/xhtml1/DTD/xhtml1-transitional.dtd">
<html xmlns="http://www.w3.org/1999/xhtml" xml:lang="en" lang="en">
 <head>
  <title>
</title>
<meta http-equiv="Content-Type" content="text/html;charset=utf-8" />
  <meta name='ocr-system' content='tesseract 3.04.00' />
  <meta name='ocr-capabilities' content='ocr_page ocr_carea ocr_par ocr_line ocrx_word'/>
</head>
<body>
  <div class='ocr_page' id='page_1' title='image "./caiipliniisecun05plingoog_0119.png"; bbox 0 0 2017 3034; ppageno 0'>
   <div class='ocr_carea' id='block_1_1' title="bbox 18 54 145 183">
    <p class='ocr_par' dir='ltr' id='par_1_1' title="bbox 18 54 145 211">
     <span class='ocr_line' id='line_1_1' title="bbox 18 54 145 183; baseline 0 -126"><span class='ocrx_word' id='word_1_1' title='bbox 18 54 145 183; x_wconf 8' lang='lat' dir='ltr'>[a</span> 
     </span>
    </p>
   </div>
   <div class='ocr_carea' id='block_1_2' title="bbox 187 116 1673 229">
    <p class='ocr_par' dir='ltr' id='par_1_2' title="bbox 187 116 1673 229">
     <span class='ocr_line' id='line_1_2' title="bbox 187 116 1673 229; baseline 0.001 -31"><span class='ocrx_word' id='word_1_2' title='bbox 187 116 491 198; x_wconf 64' lang='lat' dir='ltr'><strong>NATUR.</strong></span> <span class='ocrx_word' id='word_1_3' title='bbox 530 116 754 199; x_wconf 70' lang='lat' dir='ltr'>Hisr.</span> <span class='ocrx_word' id='word_1_4' title='bbox 800 143 1497 229; x_wconf 74' lang='lat' dir='ltr'><strong>Lm.xxxv11.16·18.</strong></span> <span class='ocrx_word' id='word_1_5' title='bbox 1551 132 1673 200; x_wconf 76' lang='lat'>&#39;111</span> 
     </span>
    </p>
   </div>
   <div class='ocr_carea' id='block_1_3' title="bbox 81 247 1680 1347">
    <p class='ocr_par' dir='ltr' id='par_1_3' title="bbox 81 247 1674 656">
     <span class='ocr_line' id='line_1_3' title="bbox 82 247 1670 317; baseline 0.003 -20"><span class='ocrx_word' id='word_1_6' title='bbox 82 261 212 298; x_wconf 88' lang='lat' dir='ltr'>num</span> <span class='ocrx_word' id='word_1_7' title='bbox 238 247 307 296; x_wconf 91' lang='lat' dir='ltr'>iis</span> <span class='ocrx_word' id='word_1_8' title='bbox 329 249 597 312; x_wconf 87' lang='lat' dir='ltr'>parcitur,</span> <span class='ocrx_word' id='word_1_9' title='bbox 636 249 805 314; x_wconf 84' lang='lat' dir='ltr'>scalpi</span> <span class='ocrx_word' id='word_1_10' title='bbox 824 251 1033 301; x_wconf 76' lang='lat' dir='ltr'>vetitis.</span> <span class='ocrx_word' id='word_1_11' title='bbox 1104 250 1426 313; x_wconf 80' lang='lat' dir='ltr'>Quanquam</span> <span class='ocrx_word' id='word_1_12' title='bbox 1447 247 1670 317; x_wconf 82' lang='lat' dir='ltr'>Scythi-</span> 
     </span>
     <span class='ocr_line' id='line_1_4' title="bbox 83 317 1673 386; baseline 0.003 -20"><span class='ocrx_word' id='word_1_13' title='bbox 83 320 273 366; x_wconf 83' lang='lat' dir='ltr'>corum</span> <span class='ocrx_word' id='word_1_14' title='bbox 296 318 801 385; x_wconf 84' lang='lat' dir='ltr'>Aegyptiorumque</span> <span class='ocrx_word' id='word_1_15' title='bbox 827 317 1037 368; x_wconf 85' lang='lat' dir='ltr'>duritia</span> <span class='ocrx_word' id='word_1_16' title='bbox 1059 324 1214 367; x_wconf 85' lang='lat' dir='ltr'>tanta</span> <span class='ocrx_word' id='word_1_17' title='bbox 1235 321 1320 367; x_wconf 85' lang='lat' dir='ltr'>est</span> <span class='ocrx_word' id='word_1_18' title='bbox 1336 323 1455 378; x_wconf 55' lang='lat' dir='ltr'>fut</span> <span class='ocrx_word' id='word_1_19' title='bbox 1475 334 1673 386; x_wconf 86' lang='lat' dir='ltr'>neque-</span> 
     </span>
     <span class='ocr_line' id='line_1_5' title="bbox 81 385 1674 452; baseline 0.003 -16"><span class='ocrx_word' id='word_1_20' title='bbox 81 393 178 436; x_wconf 83' lang='lat' dir='ltr'>ant</span> <span class='ocrx_word' id='word_1_21' title='bbox 212 385 516 439; x_wconf 82' lang='lat' dir='ltr'>vulnerari.</span> <span class='ocrx_word' id='word_1_22' title='bbox 590 387 838 447; x_wconf 74' lang='lat' dir='ltr'>Quorum</span> <span class='ocrx_word' id='word_1_23' title='bbox 883 386 1015 437; x_wconf 80' lang='lat' dir='ltr'>v‘ero</span> <span class='ocrx_word' id='word_1_24' title='bbox 1041 402 1241 452; x_wconf 83' lang='lat' dir='ltr'>corpus</span> <span class='ocrx_word' id='word_1_25' title='bbox 1264 391 1545 436; x_wconf 80' lang='lat' dir='ltr'>extensum</span> <span class='ocrx_word' id='word_1_26' title='bbox 1569 393 1674 452; x_wconf 75' lang='lat' dir='ltr'>est,</span> 
     </span>
     <span class='ocr_line' id='line_1_6' title="bbox 86 453 1670 521; baseline 0.003 -18"><span class='ocrx_word' id='word_1_27' title='bbox 86 453 300 512; x_wconf 88' lang='lat' dir='ltr'>eadem,</span> <span class='ocrx_word' id='word_1_28' title='bbox 339 462 449 520; x_wconf 77' lang='lat' dir='ltr'>qua</span> <span class='ocrx_word' id='word_1_29' title='bbox 468 455 710 520; x_wconf 84' lang='lat' dir='ltr'>specula,</span> <span class='ocrx_word' id='word_1_30' title='bbox 742 455 959 506; x_wconf 86' lang='lat' dir='ltr'>ratione</span> <span class='ocrx_word' id='word_1_31' title='bbox 983 456 1170 521; x_wconf 87' lang='lat' dir='ltr'>supini</span> <span class='ocrx_word' id='word_1_32' title='bbox 1190 454 1462 520; x_wconf 78' lang='lat' dir='ltr'>imagines</span> <span class='ocrx_word' id='word_1_33' title='bbox 1484 470 1670 508; x_wconf 84' lang='lat' dir='ltr'>rerum</span> 
     </span>
     <span class='ocr_line' id='line_1_7' title="bbox 83 521 1668 640; baseline 0.003 -68"><span class='ocrx_word' id='word_1_34' title='bbox 83 521 340 640; x_wconf 53' lang='lat' dir='ltr'>{eddunu</span> <span class='ocrx_word' id='word_1_35' title='bbox 376 522 523 640; x_wconf 58' lang='lat' dir='ltr'>Ngro</span> <span class='ocrx_word' id='word_1_36' title='bbox 548 523 800 590; x_wconf 85' lang='lat' dir='ltr'>princeps</span> <span class='ocrx_word' id='word_1_37' title='bbox 820 522 1199 589; x_wconf 78' lang='lat' dir='ltr'><strong>gladiatorum</strong></span> <span class='ocrx_word' id='word_1_38' title='bbox 1221 537 1434 590; x_wconf 78' lang='lat' dir='ltr'>pugnas</span> <span class='ocrx_word' id='word_1_39' title='bbox 1449 530 1668 592; x_wconf 85' lang='lat' dir='ltr'>specta-</span> 
     </span>
     <span class='ocr_line' id='line_1_8' title="bbox 121 591 1326 656; baseline 0.007 -16"><span class='ocrx_word' id='word_1_40' title='bbox 121 596 181 640; x_wconf 88' lang='lat' dir='ltr'>at</span> <span class='ocrx_word' id='word_1_41' title='bbox 201 605 422 656; x_wconf 83' lang='lat' dir='ltr'>smarag</span> <span class='ocrx_word' id='word_1_42' title='bbox 462 606 515 642; x_wconf 85' lang='lat' dir='ltr'>o.</span> <span class='ocrx_word' id='word_1_43' title='bbox 1321 591 1326 597; x_wconf 74' lang='grc'>’</span> 
     </span>
    </p>

    <p class='ocr_par' dir='ltr' id='par_1_4' title="bbox 85 656 1680 1347">
     <span class='ocr_line' id='line_1_9' title="bbox 153 656 1673 728; baseline 0.001 -18"><span class='ocrx_word' id='word_1_44' title='bbox 153 656 329 710; x_wconf 85' lang='lat' dir='ltr'>xvu.</span> <span class='ocrx_word' id='word_1_45' title='bbox 367 659 587 711; x_wconf 86' lang='lat' dir='ltr'>Genera</span> <span class='ocrx_word' id='word_1_46' title='bbox 606 673 795 712; x_wconf 87' lang='lat' dir='ltr'>eorum</span> <span class='ocrx_word' id='word_1_47' title='bbox 823 659 1147 713; x_wconf 79' lang='lat' dir='ltr'>duodecim:</span> <span class='ocrx_word' id='word_1_48' title='bbox 1187 660 1517 713; x_wconf 78' lang='lat' dir='ltr'>nobilissimi</span> <span class='ocrx_word' id='word_1_49' title='bbox 1540 657 1673 728; x_wconf 85' lang='lat' dir='ltr'>Scy·</span> 
     </span>
     <span class='ocr_line' id='line_1_10' title="bbox 85 725 1673 799; baseline 0.001 -20"><span class='ocrx_word' id='word_1_50' title='bbox 85 725 242 787; x_wconf 82' lang='lat' dir='ltr'>thici,</span> <span class='ocrx_word' id='word_1_51' title='bbox 284 726 354 777; x_wconf 86' lang='lat' dir='ltr'>ab</span> <span class='ocrx_word' id='word_1_52' title='bbox 395 741 464 778; x_wconf 84' lang='lat' dir='ltr'>ea</span> <span class='ocrx_word' id='word_1_53' title='bbox 502 734 686 794; x_wconf 79' lang='lat' dir='ltr'>gente,</span> <span class='ocrx_word' id='word_1_54' title='bbox 723 730 780 797; x_wconf 83' lang='lat' dir='ltr'>in</span> <span class='ocrx_word' id='word_1_55' title='bbox 828 745 939 795; x_wconf 91' lang='lat' dir='ltr'>qua</span> <span class='ocrx_word' id='word_1_56' title='bbox 970 730 1340 796; x_wconf 82' lang='lat' dir='ltr'>reperiuntur,</span> <span class='ocrx_word' id='word_1_57' title='bbox 1386 729 1673 799; x_wconf 78' lang='lat' dir='ltr'>appellati.</span> 
     </span>
     <span class='ocr_line' id='line_1_11' title="bbox 86 796 1675 863; baseline 0 -15"><span class='ocrx_word' id='word_1_58' title='bbox 86 796 268 848; x_wconf 85' lang='lat' dir='ltr'>Nullis</span> <span class='ocrx_word' id='word_1_59' title='bbox 296 797 476 847; x_wconf 84' lang='lat' dir='ltr'>maior</span> <span class='ocrx_word' id='word_1_60' title='bbox 496 798 827 858; x_wconf 84' lang='lat' dir='ltr'>austeritas,</span> <span class='ocrx_word' id='word_1_61' title='bbox 870 814 970 850; x_wconf 91' lang='lat' dir='ltr'>nec</span> <span class='ocrx_word' id='word_1_62' title='bbox 1001 798 1342 850; x_wconf 64' lang='lat' dir='ltr'>minus‘vitii.</span> <span class='ocrx_word' id='word_1_63' title='bbox 1414 802 1486 851; x_wconf 83' lang='lat' dir='ltr'>Et</span> <span class='ocrx_word' id='word_1_64' title='bbox 1509 813 1675 863; x_wconf 85' lang='lat' dir='ltr'>quau-</span> 
     </span>
     <span class='ocr_line' id='line_1_12' title="bbox 87 865 1677 934; baseline 0.002 -18"><span class='ocrx_word' id='word_1_65' title='bbox 87 871 202 916; x_wconf 86' lang='lat' dir='ltr'>tum</span> <span class='ocrx_word' id='word_1_66' title='bbox 231 865 515 932; x_wconf 87' lang='lat' dir='ltr'>smaragdi</span> <span class='ocrx_word' id='word_1_67' title='bbox 535 881 569 916; x_wconf 91' lang='lat' dir='ltr'>a</span> <span class='ocrx_word' id='word_1_68' title='bbox 598 867 825 932; x_wconf 82' lang='lat' dir='ltr'>gemmis</span> <span class='ocrx_word' id='word_1_69' title='bbox 851 866 1094 929; x_wconf 83' lang='lat' dir='ltr'>distant,</span> <span class='ocrx_word' id='word_1_70' title='bbox 1135 874 1348 918; x_wconf 84' lang='lat' dir='ltr'>tantum</span> <span class='ocrx_word' id='word_1_71' title='bbox 1374 866 1620 934; x_wconf 83' lang='lat' dir='ltr'>Scythici</span> <span class='ocrx_word' id='word_1_72' title='bbox 1641 883 1677 919; x_wconf 85' lang='lat' dir='ltr'>a</span> 
     </span>
     <span class='ocr_line' id='line_1_13' title="bbox 90 933 1677 1000; baseline 0 -14"><span class='ocrx_word' id='word_1_73' title='bbox 90 933 291 986; x_wconf 87' lang='lat' dir='ltr'>ceteris</span> <span class='ocrx_word' id='word_1_74' title='bbox 309 934 637 1000; x_wconf 78' lang='lat' dir='ltr'>smaragdis.</span> <span class='ocrx_word' id='word_1_75' title='bbox 710 934 1022 986; x_wconf 82' lang='lat' dir='ltr'>Proximam</span> <span class='ocrx_word' id='word_1_76' title='bbox 1046 936 1262 987; x_wconf 89' lang='lat' dir='ltr'>laudem</span> <span class='ocrx_word' id='word_1_77' title='bbox 1285 934 1504 998; x_wconf 81' lang='lat' dir='ltr'>habent,</span> <span class='ocrx_word' id='word_1_78' title='bbox 1532 938 1677 986; x_wconf 81' lang='lat' dir='ltr'>sicut</span> 
     </span>
     <span class='ocr_line' id='line_1_14' title="bbox 92 1001 1675 1068; baseline 0 -13"><span class='ocrx_word' id='word_1_79' title='bbox 92 1009 147 1055; x_wconf 85' lang='lat' dir='ltr'>et</span> <span class='ocrx_word' id='word_1_80' title='bbox 161 1001 376 1064; x_wconf 80' lang='lat' dir='ltr'>sedem,</span> <span class='ocrx_word' id='word_1_81' title='bbox 415 1001 733 1065; x_wconf 79' lang='lat' dir='ltr'>Bactriani,</span> <span class='ocrx_word' id='word_1_82' title='bbox 775 1012 910 1068; x_wconf 78' lang='lat' dir='ltr'>quos</span> <span class='ocrx_word' id='word_1_83' title='bbox 932 1005 987 1055; x_wconf 91' lang='lat' dir='ltr'>iu</span> <span class='ocrx_word' id='word_1_84' title='bbox 1015 1005 1392 1056; x_wconf 78' lang='lat' dir='ltr'>commissuris</span> <span class='ocrx_word' id='word_1_85' title='bbox 1412 1019 1675 1056; x_wconf 84' lang='lat' dir='ltr'>saxorum</span> 
     </span>
     <span class='ocr_line' id='line_1_15' title="bbox 91 1070 1673 1139; baseline 0.001 -16"><span class='ocrx_word' id='word_1_86' title='bbox 91 1070 640 1139; x_wconf 83' lang='lat' dir='ltr'>colligere-dicuntur</span> <span class='ocrx_word' id='word_1_87' title='bbox 661 1072 870 1123; x_wconf 82' lang='lat' dir='ltr'>Etesiis</span> <span class='ocrx_word' id='word_1_88' title='bbox 891 1073 1165 1126; x_wconf 86' lang='lat' dir='ltr'>flantibus.</span> <span class='ocrx_word' id='word_1_89' title='bbox 1223 1076 1380 1125; x_wconf 87' lang='lat' dir='ltr'>Tunc</span> <span class='ocrx_word' id='word_1_90' title='bbox 1401 1072 1546 1126; x_wconf 85' lang='lat' dir='ltr'>eni&#39;m</span> <span class='ocrx_word' id='word_1_91' title='bbox 1569 1073 1673 1125; x_wconf 91' lang='lat' dir='ltr'>tel·</span> 
     </span>
     <span class='ocr_line' id='line_1_16' title="bbox 89 1141 1677 1208; baseline 0.001 -16"><span class='ocrx_word' id='word_1_92' title='bbox 89 1141 205 1192; x_wconf 90' lang='lat' dir='ltr'>lure</span> <span class='ocrx_word' id='word_1_93' title='bbox 224 1141 583 1203; x_wconf 78' lang='lat' dir='ltr'>internitent,</span> <span class='ocrx_word' id='word_1_94' title='bbox 628 1142 756 1208; x_wconf 88' lang='lat' dir='ltr'>quia</span> <span class='ocrx_word' id='word_1_95' title='bbox 790 1142 858 1192; x_wconf 86' lang='lat' dir='ltr'>iis</span> <span class='ocrx_word' id='word_1_96' title='bbox 879 1143 1059 1194; x_wconf 74' lang='lat' dir='ltr'>ventis</span> <span class='ocrx_word' id='word_1_97' title='bbox 1082 1145 1317 1194; x_wconf 84' lang='lat' dir='ltr'>maxime</span> <span class='ocrx_word' id='word_1_98' title='bbox 1340 1156 1537 1195; x_wconf 84' lang='lat' dir='ltr'>arenae</span> <span class='ocrx_word' id='word_1_99' title='bbox 1560 1154 1677 1193; x_wconf 86' lang='lat' dir='ltr'>mo·</span> 
     </span>
     <span class='ocr_line' id='line_1_17' title="bbox 91 1208 1679 1276; baseline 0.001 -16"><span class='ocrx_word' id='word_1_100' title='bbox 91 1215 307 1260; x_wconf 76' lang='lat' dir='ltr'>ventur.</span> <span class='ocrx_word' id='word_1_101' title='bbox 379 1208 487 1261; x_wconf 89' lang='lat' dir='ltr'>Sed</span> <span class='ocrx_word' id='word_1_102' title='bbox 512 1208 610 1260; x_wconf 86' lang='lat' dir='ltr'>hos</span> <span class='ocrx_word' id='word_1_103' title='bbox 635 1211 878 1262; x_wconf 87' lang='lat' dir='ltr'>minores</span> <span class='ocrx_word' id='word_1_104' title='bbox 924 1212 1101 1261; x_wconf 83' lang='lat' dir='ltr'>multo</span> <span class='ocrx_word' id='word_1_105' title='bbox 1127 1211 1403 1276; x_wconf 81' lang='lat' dir='ltr'>Scythicis</span> <span class='ocrx_word' id='word_1_106' title='bbox 1427 1226 1548 1263; x_wconf 86' lang='lat' dir='ltr'>esse</span> <span class='ocrx_word' id='word_1_107' title='bbox 1569 1217 1679 1261; x_wconf 76' lang='lat' dir='ltr'>tra-</span> 
     </span>
     <span class='ocr_line' id='line_1_18' title="bbox 93 1274 1680 1347; baseline 0.001 -18"><span class='ocrx_word' id='word_1_108' title='bbox 93 1274 243 1329; x_wconf 69' lang='lat' dir='ltr'>dunt.</span> <span class='ocrx_word' id='word_1_109' title='bbox 297 1278 548 1329; x_wconf 87' lang='lat' dir='ltr'>Tertium</span> <span class='ocrx_word' id='word_1_110' title='bbox 572 1280 754 1330; x_wconf 88' lang='lat' dir='ltr'>locum</span> <span class='ocrx_word' id='word_1_111' title='bbox 779 1280 1036 1345; x_wconf 79' lang='lat' dir='ltr'>Aegyptii</span> <span class='ocrx_word' id='word_1_112' title='bbox 1061 1277 1277 1339; x_wconf 81' lang='lat' dir='ltr'>habent,</span> <span class='ocrx_word' id='word_1_113' title='bbox 1300 1280 1392 1343; x_wconf 89' lang='lat' dir='ltr'>qui</span> <span class='ocrx_word' id='word_1_114' title='bbox 1413 1284 1680 1347; x_wconf 83' lang='lat' dir='ltr'>eruuntur</span> 
     </span>
    </p>
   </div>
   <div class='ocr_carea' id='block_1_4' title="bbox 18 1345 1683 1553">
    <p class='ocr_par' dir='ltr' id='par_1_5' title="bbox 18 1345 1683 1553">
     <span class='ocr_line' id='line_1_19' title="bbox 18 1345 1683 1416; baseline 0.001 -18"><span class='ocrx_word' id='word_1_115' title='bbox 18 1404 19 1407; x_wconf 8' lang='grc' dir='ltr'><strong>Ἴ</strong></span> <span class='ocrx_word' id='word_1_116' title='bbox 94 1347 235 1398; x_wconf 81' lang='lat' dir='ltr'>circa</span> <span class='ocrx_word' id='word_1_117' title='bbox 258 1345 470 1413; x_wconf 81' lang='lat' dir='ltr'>Copton</span> <span class='ocrx_word' id='word_1_118' title='bbox 495 1348 750 1415; x_wconf 85' lang='lat' dir='ltr'>oppidum</span> <span class='ocrx_word' id='word_1_119' title='bbox 772 1347 1082 1416; x_wconf 72' lang='lat' dir='ltr'>Thebaidis</span> <span class='ocrx_word' id='word_1_120' title='bbox 1103 1349 1156 1397; x_wconf 89' lang='lat' dir='ltr'>in</span> <span class='ocrx_word' id='word_1_121' title='bbox 1181 1347 1434 1409; x_wconf 87' lang='lat' dir='ltr'>collibus,</span> <span class='ocrx_word' id='word_1_122' title='bbox 1465 1361 1534 1398; x_wconf 82' lang='lat' dir='ltr'>ex</span> <span class='ocrx_word' id='word_1_123' title='bbox 1555 1362 1683 1399; x_wconf 87' lang='lat' dir='ltr'>cau·</span> 
     </span>
     <span class='ocr_line' id='line_1_20' title="bbox 18 1414 1682 1484; baseline 0.001 -19"><span class='ocrx_word' id='word_1_124' title='bbox 18 1414 21 1479; x_wconf 40' lang='lat' dir='ltr'>l</span> <span class='ocrx_word' id='word_1_125' title='bbox 94 1415 253 1466; x_wconf 78' lang='lat' dir='ltr'>tibus.</span> <span class='ocrx_word' id='word_1_126' title='bbox 326 1415 561 1482; x_wconf 77' lang='lat' dir='ltr'>Reliqua</span> <span class='ocrx_word' id='word_1_127' title='bbox 581 1432 785 1484; x_wconf 79' lang='lat' dir='ltr'>genera</span> <span class='ocrx_word' id='word_1_128' title='bbox 805 1418 861 1467; x_wconf 91' lang='lat' dir='ltr'>in</span> <span class='ocrx_word' id='word_1_129' title='bbox 883 1417 1125 1469; x_wconf 86' lang='lat' dir='ltr'>metallis</span> <span class='ocrx_word' id='word_1_130' title='bbox 1148 1417 1377 1468; x_wconf 84' lang='lat' dir='ltr'>aerariis</span> <span class='ocrx_word' id='word_1_131' title='bbox 1396 1415 1682 1467; x_wconf 80' lang='lat' dir='ltr'>inveniun-</span> 
     </span>
     <span class='ocr_line' id='line_1_21' title="bbox 18 1484 1681 1553; baseline 0.001 -19"><span class='ocrx_word' id='word_1_132' title='bbox 18 1490 21 1507; x_wconf 67' lang='lat'>³</span> <span class='ocrx_word' id='word_1_133' title='bbox 93 1490 196 1534; x_wconf 86' lang='lat' dir='ltr'>tur.</span> <span class='ocrx_word' id='word_1_134' title='bbox 247 1484 606 1551; x_wconf 73' lang='lat' dir='ltr'>Quapropter</span> <span class='ocrx_word' id='word_1_135' title='bbox 625 1487 991 1551; x_wconf 85' lang='lat' dir='ltr'>principatum</span> <span class='ocrx_word' id='word_1_136' title='bbox 1016 1500 1083 1537; x_wconf 88' lang='lat' dir='ltr'>ex</span> <span class='ocrx_word' id='word_1_137' title='bbox 1105 1488 1170 1537; x_wconf 91' lang='lat' dir='ltr'>iis</span> <span class='ocrx_word' id='word_1_138' title='bbox 1189 1486 1380 1553; x_wconf 87' lang='lat' dir='ltr'>Cyprii</span> <span class='ocrx_word' id='word_1_139' title='bbox 1404 1486 1681 1537; x_wconf 82' lang='lat' dir='ltr'>obtinent:</span> 
     </span>
    </p>
   </div>
   <div class='ocr_carea' id='block_1_5' title="bbox 95 1552 1683 1691">
    <p class='ocr_par' dir='ltr' id='par_1_6' title="bbox 95 1552 1683 1691">
     <span class='ocr_line' id='line_1_22' title="bbox 96 1552 1683 1622; baseline -0.001 -18"><span class='ocrx_word' id='word_1_140' title='bbox 96 1552 304 1621; x_wconf 86' lang='lat' dir='ltr'>dosque</span> <span class='ocrx_word' id='word_1_141' title='bbox 342 1568 531 1605; x_wconf 85' lang='lat' dir='ltr'>eorum</span> <span class='ocrx_word' id='word_1_142' title='bbox 556 1562 642 1606; x_wconf 91' lang='lat' dir='ltr'>est</span> <span class='ocrx_word' id='word_1_143' title='bbox 676 1557 850 1607; x_wconf 86' lang='lat' dir='ltr'>necin</span> <span class='ocrx_word' id='word_1_144' title='bbox 875 1556 1065 1606; x_wconf 85' lang='lat' dir='ltr'>colore</span> <span class='ocrx_word' id='word_1_145' title='bbox 1086 1554 1319 1622; x_wconf 85' lang='lat' dir='ltr'>liquido,</span> <span class='ocrx_word' id='word_1_146' title='bbox 1363 1569 1462 1606; x_wconf 90' lang='lat' dir='ltr'>nec</span> <span class='ocrx_word' id='word_1_147' title='bbox 1484 1554 1683 1615; x_wconf 84' lang='lat' dir='ltr'>diluto,</span> 
     </span>
     <span class='ocr_line' id='line_1_23' title="bbox 95 1622 1679 1691; baseline 0.001 -21"><span class='ocrx_word' id='word_1_148' title='bbox 95 1636 282 1674; x_wconf 81' lang='lat' dir='ltr'>verum</span> <span class='ocrx_word' id='word_1_149' title='bbox 305 1637 377 1673; x_wconf 82' lang='lat' dir='ltr'>ex·</span> <span class='ocrx_word' id='word_1_150' title='bbox 398 1622 623 1674; x_wconf 85' lang='lat' dir='ltr'>humido</span> <span class='ocrx_word' id='word_1_151' title='bbox 647 1624 855 1691; x_wconf 85' lang='lat' dir='ltr'>pingui,</span> <span class='ocrx_word' id='word_1_152' title='bbox 897 1639 1115 1691; x_wconf 89' lang='lat' dir='ltr'>quaque</span> <span class='ocrx_word' id='word_1_153' title='bbox 1139 1625 1516 1691; x_wconf 79' lang='lat' dir='ltr'>perspiciatur,</span> <span class='ocrx_word' id='word_1_154' title='bbox 1556 1623 1679 1673; x_wconf 89' lang='lat' dir='ltr'>imi·</span> 
     </span>
    </p>
   </div>
   <div class='ocr_carea' id='block_1_6' title="bbox 18 1691 1702 1761">
    <p class='ocr_par' dir='ltr' id='par_1_7' title="bbox 18 1691 1702 1761">
     <span class='ocr_line' id='line_1_24' title="bbox 18 1691 1702 1761; baseline -0.004 -18"><span class='ocrx_word' id='word_1_155' title='bbox 18 1728 19 1733; x_wconf 49' lang='lat'><em>=</em></span> <span class='ocrx_word' id='word_1_156' title='bbox 95 1695 246 1743; x_wconf 82' lang='lat' dir='ltr'>tante</span> <span class='ocrx_word' id='word_1_157' title='bbox 268 1691 671 1743; x_wconf 83' lang='lat' dir='ltr'>translucidum</span> <span class='ocrx_word' id='word_1_158' title='bbox 695 1708 875 1745; x_wconf 88' lang='lat' dir='ltr'>mare:</span> <span class='ocrx_word' id='word_1_159' title='bbox 907 1696 1224 1761; x_wconf 81' lang='lat' dir='ltr'>pariterque</span> <span class='ocrx_word' id='word_1_160' title='bbox 1248 1692 1702 1744; x_wconf 39' lang='lat' dir='ltr'>translucentem2</span> 
     </span>
    </p>
   </div>
   <div class='ocr_carea' id='block_1_7' title="bbox 96 1760 1683 1825">
    <p class='ocr_par' dir='ltr' id='par_1_8' title="bbox 96 1760 1683 1825">
     <span class='ocr_line' id='line_1_25' title="bbox 96 1760 1683 1825; baseline -0.001 -14"><span class='ocrx_word' id='word_1_161' title='bbox 96 1761 336 1811; x_wconf 89' lang='lat' dir='ltr'>colorem</span> <span class='ocrx_word' id='word_1_162' title='bbox 360 1760 608 1825; x_wconf 81' lang='lat' dir='ltr'>expellit,</span> <span class='ocrx_word' id='word_1_163' title='bbox 650 1768 706 1812; x_wconf 86' lang='lat' dir='ltr'>et</span> <span class='ocrx_word' id='word_1_164' title='bbox 726 1764 899 1814; x_wconf 87' lang='lat' dir='ltr'>aciem</span> <span class='ocrx_word' id='word_1_165' title='bbox 922 1764 1121 1814; x_wconf 79' lang='lat' dir='ltr'>reficit.</span> <span class='ocrx_word' id='word_1_166' title='bbox 1193 1762 1397 1813; x_wconf 88' lang='lat' dir='ltr'>Ferunt</span> <span class='ocrx_word' id='word_1_167' title='bbox 1410 1760 1475 1812; x_wconf 73' lang='lat' dir='ltr'>&#39;in</span> <span class='ocrx_word' id='word_1_168' title='bbox 1517 1760 1683 1812; x_wconf 86' lang='lat' dir='ltr'>eain·</span> 
     </span>
    </p>
   </div>
   <div class='ocr_carea' id='block_1_8' title="bbox 18 1824 1680 1896">
    <p class='ocr_par' dir='ltr' id='par_1_9' title="bbox 18 1824 1680 1896">
     <span class='ocr_line' id='line_1_26' title="bbox 18 1824 1680 1896; baseline 0 -18"><span class='ocrx_word' id='word_1_169' title='bbox 18 1824 21 1889; x_wconf 66' lang='grc' dir='ltr'>ἶ</span> <span class='ocrx_word' id='word_1_170' title='bbox 97 1828 212 1880; x_wconf 80' lang='lat' dir='ltr'>sula</span> <span class='ocrx_word' id='word_1_171' title='bbox 230 1828 451 1880; x_wconf 85' lang='lat' dir='ltr'>tumulo</span> <span class='ocrx_word' id='word_1_172' title='bbox 473 1830 654 1896; x_wconf 84' lang='lat' dir='ltr'>reguli</span> <span class='ocrx_word' id='word_1_173' title='bbox 672 1831 956 1894; x_wconf 82' lang='lat' dir='ltr'>Hermiae,</span> <span class='ocrx_word' id='word_1_174' title='bbox 989 1831 1147 1893; x_wconf 83' lang='lat' dir='ltr'>iuxta</span> <span class='ocrx_word' id='word_1_175' title='bbox 1168 1828 1423 1889; x_wconf 83' lang='lat' dir='ltr'>cetarias,</span> <span class='ocrx_word' id='word_1_176' title='bbox 1441 1841 1680 1879; x_wconf 87' lang='lat' dir='ltr'>marmo-</span> 
     </span>
    </p>
   </div>
   <div class='ocr_carea' id='block_1_9' title="bbox 94 1894 1692 2729">
    <p class='ocr_par' dir='ltr' id='par_1_10' title="bbox 96 1894 1687 2171">
     <span class='ocr_line' id='line_1_27' title="bbox 96 1894 1685 1966; baseline -0.001 -18"><span class='ocrx_word' id='word_1_177' title='bbox 96 1910 189 1948; x_wconf 82' lang='lat' dir='ltr'>reo</span> <span class='ocrx_word' id='word_1_178' title='bbox 209 1897 360 1949; x_wconf 89' lang='lat' dir='ltr'>leoni</span> <span class='ocrx_word' id='word_1_179' title='bbox 383 1894 561 1949; x_wconf 68' lang='lat' dir='ltr'>ruisse</span> <span class='ocrx_word' id='word_1_180' title='bbox 582 1899 792 1951; x_wconf 87' lang='lat' dir='ltr'>inditos</span> <span class='ocrx_word' id='word_1_181' title='bbox 815 1902 1004 1952; x_wconf 87' lang='lat' dir='ltr'>oculos</span> <span class='ocrx_word' id='word_1_182' title='bbox 1029 1915 1095 1952; x_wconf 84' lang='lat' dir='ltr'>ex</span> <span class='ocrx_word' id='word_1_183' title='bbox 1118 1898 1456 1966; x_wconf 77' lang='lat' dir='ltr'>smaragdis,</span> <span class='ocrx_word' id='word_1_184' title='bbox 1492 1898 1574 1948; x_wconf 87' lang='lat' dir='ltr'>ita</span> <span class='ocrx_word' id='word_1_185' title='bbox 1599 1911 1685 1947; x_wconf 91' lang='lat' dir='ltr'>ra-</span> 
     </span>
     <span class='ocr_line' id='line_1_28' title="bbox 100 1964 1687 2035; baseline 0.001 -20"><span class='ocrx_word' id='word_1_186' title='bbox 100 1964 379 2023; x_wconf 79' lang='lat' dir='ltr'>diantibus</span> <span class='ocrx_word' id='word_1_187' title='bbox 418 1967 586 2018; x_wconf 88' lang='lat' dir='ltr'>etiam</span> <span class='ocrx_word' id='word_1_188' title='bbox 631 1969 689 2018; x_wconf 90' lang='lat' dir='ltr'>in</span> <span class='ocrx_word' id='word_1_189' title='bbox 731 1974 1025 2035; x_wconf 80' lang='lat' dir='ltr'>gurgitem,</span> <span class='ocrx_word' id='word_1_190' title='bbox 1065 1975 1127 2019; x_wconf 92' lang='lat' dir='ltr'>ut</span> <span class='ocrx_word' id='word_1_191' title='bbox 1148 1968 1333 2019; x_wconf 88' lang='lat' dir='ltr'>territi</span> <span class='ocrx_word' id='word_1_192' title='bbox 1368 1966 1687 2032; x_wconf 84' lang='lat' dir='ltr'>refugerent</span> 
     </span>
     <span class='ocr_line' id='line_1_29' title="bbox 97 2031 1687 2103; baseline -0.001 -19"><span class='ocrx_word' id='word_1_193' title='bbox 97 2031 313 2101; x_wconf 82' lang='lat' dir='ltr'>thynni,</span> <span class='ocrx_word' id='word_1_194' title='bbox 357 2034 459 2086; x_wconf 85' lang='lat' dir='ltr'>diu</span> <span class='ocrx_word' id='word_1_195' title='bbox 479 2036 806 2089; x_wconf 88' lang='lat' dir='ltr'>mirantibus</span> <span class='ocrx_word' id='word_1_196' title='bbox 830 2038 1128 2090; x_wconf 84' lang='lat' dir='ltr'>novitatem</span> <span class='ocrx_word' id='word_1_197' title='bbox 1157 2034 1549 2103; x_wconf 81' lang='lat' dir='ltr'>piscatoribus,</span> <span class='ocrx_word' id='word_1_198' title='bbox 1591 2032 1687 2084; x_wconf 86' lang='lat' dir='ltr'>do·</span> 
     </span>
     <span class='ocr_line' id='line_1_30' title="bbox 100 2107 1422 2171; baseline 0.003 -16"><span class='ocrx_word' id='word_1_199' title='bbox 100 2117 195 2155; x_wconf 75' lang='lat' dir='ltr'>aec</span> <span class='ocrx_word' id='word_1_200' title='bbox 216 2110 505 2156; x_wconf 79' lang='lat' dir='ltr'>mutavere</span> <span class='ocrx_word' id='word_1_201' title='bbox 529 2107 702 2156; x_wconf 89' lang='lat' dir='ltr'>oculis</span> <span class='ocrx_word' id='word_1_202' title='bbox 717 2120 987 2171; x_wconf 83' lang='lat' dir='ltr'>gemmas.</span> <span class='ocrx_word' id='word_1_203' title='bbox 1415 2138 1422 2141; x_wconf 95' lang='lat'><em>-</em></span> 
     </span>
    </p>

    <p class='ocr_par' dir='ltr' id='par_1_11' title="bbox 94 2170 1692 2729">
     <span class='ocr_line' id='line_1_31' title="bbox 161 2170 1686 2238; baseline 0.001 -16"><span class='ocrx_word' id='word_1_204' title='bbox 161 2170 371 2225; x_wconf 77' lang='lat' dir='ltr'>xvui.</span> <span class='ocrx_word' id='word_1_205' title='bbox 408 2170 516 2224; x_wconf 89' lang='lat' dir='ltr'>Sed</span> <span class='ocrx_word' id='word_1_206' title='bbox 559 2181 618 2226; x_wconf 87' lang='lat' dir='ltr'>et</span> <span class='ocrx_word' id='word_1_207' title='bbox 658 2175 792 2225; x_wconf 75' lang='lat' dir='ltr'>vitia</span> <span class='ocrx_word' id='word_1_208' title='bbox 827 2175 1196 2225; x_wconf 85' lang='lat' dir='ltr'>demonstrari</span> <span class='ocrx_word' id='word_1_209' title='bbox 1237 2176 1461 2238; x_wconf 82' lang='lat' dir='ltr'>oportet</span> <span class='ocrx_word' id='word_1_210' title='bbox 1495 2171 1550 2221; x_wconf 87' lang='lat' dir='ltr'>in</span> <span class='ocrx_word' id='word_1_211' title='bbox 1570 2176 1686 2223; x_wconf 84' lang='lat' dir='ltr'>tam</span> 
     </span>
     <span class='ocr_line' id='line_1_32' title="bbox 102 2239 1692 2309; baseline 0.001 -19"><span class='ocrx_word' id='word_1_212' title='bbox 102 2240 330 2309; x_wconf 74' lang='lat' dir='ltr'>proclivi</span> <span class='ocrx_word' id='word_1_213' title='bbox 349 2249 556 2293; x_wconf 86' lang='lat' dir='ltr'>erratu.</span> <span class='ocrx_word' id='word_1_214' title='bbox 594 2243 733 2294; x_wconf 85' lang='lat' dir='ltr'>Sunt</span> <span class='ocrx_word' id='word_1_215' title='bbox 754 2243 974 2309; x_wconf 87' lang='lat' dir='ltr'>quidem</span> <span class='ocrx_word' id='word_1_216' title='bbox 1001 2244 1242 2293; x_wconf 89' lang='lat' dir='ltr'>omnium</span> <span class='ocrx_word' id='word_1_217' title='bbox 1266 2239 1477 2292; x_wconf 88' lang='lat' dir='ltr'>eadem.</span> <span class='ocrx_word' id='word_1_218' title='bbox 1509 2242 1692 2302; x_wconf 74' lang='lat' dir='ltr'>Quae·</span> 
     </span>
     <span class='ocr_line' id='line_1_33' title="bbox 106 2308 1691 2381; baseline 0.001 -23"><span class='ocrx_word' id='word_1_219' title='bbox 106 2308 221 2360; x_wconf 87' lang='lat' dir='ltr'>dam</span> <span class='ocrx_word' id='word_1_220' title='bbox 244 2316 430 2363; x_wconf 72' lang='lat' dir='ltr'>tamen</span> <span class='ocrx_word' id='word_1_221' title='bbox 454 2311 738 2362; x_wconf 89' lang='lat' dir='ltr'>nationum</span> <span class='ocrx_word' id='word_1_222' title='bbox 760 2311 1236 2381; x_wconf 51' lang='lat' dir='ltr'>peculial-jastium</span> <span class='ocrx_word' id='word_1_223' title='bbox 1253 2309 1307 2358; x_wconf 91' lang='lat' dir='ltr'>in</span> <span class='ocrx_word' id='word_1_224' title='bbox 1328 2309 1563 2361; x_wconf 81' lang='lat' dir='ltr'>homine.</span> <span class='ocrx_word' id='word_1_225' title='bbox 1590 2309 1691 2360; x_wconf 86' lang='lat' dir='ltr'>Er·</span> 
     </span>
     <span class='ocr_line' id='line_1_34' title="bbox 102 2378 1686 2446; baseline 0.001 -19"><span class='ocrx_word' id='word_1_226' title='bbox 102 2391 169 2444; x_wconf 81' lang='lat' dir='ltr'>go</span> <span class='ocrx_word' id='word_1_227' title='bbox 192 2379 388 2446; x_wconf 84' lang='lat' dir='ltr'>Cyprii</span> <span class='ocrx_word' id='word_1_228' title='bbox 406 2381 560 2430; x_wconf 75' lang='lat' dir='ltr'>varie</span> <span class='ocrx_word' id='word_1_229' title='bbox 582 2380 787 2445; x_wconf 75' lang='lat' dir='ltr'>glauci,</span> <span class='ocrx_word' id='word_1_230' title='bbox 821 2380 1105 2446; x_wconf 86' lang='lat' dir='ltr'>magisque</span> <span class='ocrx_word' id='word_1_231' title='bbox 1125 2393 1191 2430; x_wconf 85' lang='lat' dir='ltr'>ac</span> <span class='ocrx_word' id='word_1_232' title='bbox 1215 2380 1392 2429; x_wconf 85' lang='lat' dir='ltr'>minus</span> <span class='ocrx_word' id='word_1_233' title='bbox 1411 2378 1467 2428; x_wconf 89' lang='lat' dir='ltr'>in</span> <span class='ocrx_word' id='word_1_234' title='bbox 1491 2379 1686 2430; x_wconf 84' lang='lat' dir='ltr'>eodem</span> 
     </span>
     <span class='ocr_line' id='line_1_35' title="bbox 105 2444 1686 2515; baseline 0.001 -22"><span class='ocrx_word' id='word_1_235' title='bbox 105 2444 397 2515; x_wconf 83' lang='lat' dir='ltr'>smaragdo</span> <span class='ocrx_word' id='word_1_236' title='bbox 413 2448 542 2498; x_wconf 85' lang='lat' dir='ltr'>aliis</span> <span class='ocrx_word' id='word_1_237' title='bbox 564 2450 814 2513; x_wconf 85' lang='lat' dir='ltr'>partibus</span> <span class='ocrx_word' id='word_1_238' title='bbox 835 2455 1087 2503; x_wconf 75' lang='lat' dir='ltr'>tenorem</span> <span class='ocrx_word' id='word_1_239' title='bbox 1110 2448 1264 2498; x_wconf 85' lang='lat' dir='ltr'>illum</span> <span class='ocrx_word' id='word_1_240' title='bbox 1277 2446 1572 2515; x_wconf 84' lang='lat' dir='ltr'>Scythicae</span> <span class='ocrx_word' id='word_1_241' title='bbox 1595 2450 1686 2496; x_wconf 69' lang='lat' dir='ltr'>au·-</span> 
     </span>
     <span class='ocr_line' id='line_1_36' title="bbox 106 2513 1688 2584; baseline 0 -22"><span class='ocrx_word' id='word_1_242' title='bbox 106 2515 374 2567; x_wconf 80' lang='lat' dir='ltr'>steritatis</span> <span class='ocrx_word' id='word_1_243' title='bbox 394 2532 505 2567; x_wconf 87' lang='lat' dir='ltr'>non</span> <span class='ocrx_word' id='word_1_244' title='bbox 533 2532 750 2584; x_wconf 81' lang='lat' dir='ltr'>semper</span> <span class='ocrx_word' id='word_1_245' title='bbox 771 2517 1107 2568; x_wconf 81' lang='lat' dir='ltr'>custodiunt.</span> <span class='ocrx_word' id='word_1_246' title='bbox 1133 2517 1213 2567; x_wconf 84' lang='lat' dir='ltr'>Ad</span> <span class='ocrx_word' id='word_1_247' title='bbox 1237 2514 1344 2566; x_wconf 87' lang='lat' dir='ltr'>hoc</span> <span class='ocrx_word' id='word_1_248' title='bbox 1362 2513 1688 2582; x_wconf 83' lang='lat' dir='ltr'>quibusdam</span> 
     </span>
     <span class='ocr_line' id='line_1_37' title="bbox 105 2578 1688 2652; baseline -0.002 -20"><span class='ocrx_word' id='word_1_249' title='bbox 105 2578 420 2636; x_wconf 79' lang='lat' dir='ltr'>intercurrit</span> <span class='ocrx_word' id='word_1_250' title='bbox 441 2586 653 2646; x_wconf 85' lang='lat' dir='ltr'>umbra,</span> <span class='ocrx_word' id='word_1_251' title='bbox 694 2586 995 2652; x_wconf 87' lang='lat' dir='ltr'>surdusque</span> <span class='ocrx_word' id='word_1_252' title='bbox 1018 2586 1078 2635; x_wconf 83' lang='lat' dir='ltr'>fit</span> <span class='ocrx_word' id='word_1_253' title='bbox 1100 2586 1271 2645; x_wconf 89' lang='lat' dir='ltr'>colos,</span> <span class='ocrx_word' id='word_1_254' title='bbox 1302 2584 1396 2648; x_wconf 86' lang='lat' dir='ltr'>qui</span> <span class='ocrx_word' id='word_1_255' title='bbox 1418 2582 1688 2648; x_wconf 66' lang='lat' dir='ltr'>improba·</span> 
     </span>
     <span class='ocr_line' id='line_1_38' title="bbox 94 2648 1690 2729; baseline -0.006 -24"><span class='ocrx_word' id='word_1_256' title='bbox 94 2656 210 2716; x_wconf 60' lang='lat' dir='ltr'>jur,</span> <span class='ocrx_word' id='word_1_257' title='bbox 229 2656 399 2715; x_wconf 79' lang='lat' dir='ltr'>etiam</span> <span class='ocrx_word' id='word_1_258' title='bbox 423 2653 674 2706; x_wconf 82' lang='lat' dir='ltr'>dilutior.</span> <span class='ocrx_word' id='word_1_259' title='bbox 705 2654 854 2706; x_wconf 80' lang='lat' dir='ltr'>llinc</span> <span class='ocrx_word' id='word_1_260' title='bbox 876 2668 1078 2729; x_wconf 80' lang='lat' dir='ltr'>genera</span> <span class='ocrx_word' id='word_1_261' title='bbox 1098 2653 1523 2718; x_wconf 79' lang='lat' dir='ltr'>distinguuntur.</span> <span class='ocrx_word' id='word_1_262' title='bbox 1548 2648 1690 2700; x_wconf 79' lang='lat' dir='ltr'>Sunt</span> 
     </span>
    </p>
   </div>
  </div>
 </body>
</html>
