2017 3034
279 133 319 189 ὓ
649 135 711 188 C.
770 132 1048 188 PL1N11
1113 130 1493 187 SncuNm
1541 172 1550 177 .

271 235 477 290 aetatis
489 234 638 307 Jelit
656 235 884 301 referre,
898 234 1176 305 hodieque
1194 233 1439 304 pulchris
1459 233 1581 289 eius
1602 231 1865 302 operibus

271 307 531 360 Veronae
559 306 939 359 exstantibus..
995 307 1183 358 Laeva
1213 306 1263 356 is
1287 320 1450 357 manu
1467 304 1673 372 pinxit,
1713 303 1863 369 quod

274 375 346 429 de
368 375 520 426 nullo
544 379 671 426 ante
691 370 1065 432 memoratur.
1109 374 1302 427 Parvis
1324 372 1671 440 gloriabatur
1689 372 1867 424 tabel-
1929 405 1936 410 ·

270 444 363 506 lis,
404 445 705 496 exstinctus
727 458 902 510 nuper
919 443 975 493 in
993 442 1160 510 longa
1180 449 1424 505 senecta,
1463 440 1733 494 Antistius
1752 440 1866 492 ha·

273 513 381 564 beo
403 513 734 578 praetorius,
774 513 944 565 etiam
968 511 1362 577 proconsulatu
1385 510 1705 576 provinciae
1722 509 1865 562 Nar·

198 614 203 619 ,
273 580 537 633 bonensis
560 580 797 633 functus.
868 579 980 633 Sed
1005 594 1073 631 ea
1102 581 1271 630 resin
1309 580 1427 637 risu
1449 583 1507 630 et
1527 576 1865 637 contumelia

277 656 415 703 erat.
487 647 619 700 Fuit
648 656 706 702 et
741 649 1051 716 principum
1084 648 1324 711 virorum
1354 663 1465 700 non
1497 645 1864 699 omittendum

274 718 345 770 de
381 718 604 784 pictura
634 719 855 771 celebre
888 717 1203 770 consilium.
1275 716 1379 778 Qu.
1409 715 1645 776 Pedius,
1688 727 1866 780 nepos

271 789 377 851 Qu.
399 786 557 839 Pedii
603 787 905 845 consularis
937 784 1413 852 triumphalisque,
1452 798 1487 836 a
1509 784 1744 837 Caesare
1780 781 1866 833 di·

176 882 185 886 ·
271 860 494 909 ctatore
517 855 808 909 coheredis
828 859 1080 923 Augusto
1112 855 1227 906 dati
1254 888 1272 916 ,
1311 869 1435 905 cum
1453 858 1655 904 natura
1676 856 1864 902 mutus
1923 848 1946 911 s

270 930 440 986 esset,
482 939 608 976 eum
639 925 884 977 Messala
917 929 1114 975 orator
1132 958 1148 984 ,
1190 937 1259 975 ex
1288 922 1443 974 cuius
1470 921 1684 973 familia
1704 919 1867 986 pueri
1917 946 1926 951 1

273 995 400 1046 asia
423 986 559 1054 erat,
600 995 869 1059 picturam
903 990 1209 1044 docendum
1233 991 1465 1052 censuit,
1503 991 1671 1057 idque
1693 990 1866 1041 etiam

272 1062 447 1115 Divus
466 1063 744 1128 Augustus
766 1059 1167 1127 comprobavit.
1211 1056 1357 1111 Puer
1374 1059 1559 1125 magni
1581 1057 1867 1124 profectus

270 1130 334 1181 in
355 1142 421 1182 ea
440 1135 561 1181 arte
594 1130 749 1181 obiit.
822 1127 1092 1196 Dignatio
1115 1134 1299 1180 autem
1330 1128 1627 1194 praecipua
1654 1127 1867 1180 Romae

270 1198 510 1250 increvit
550 1201 636 1261 (ut
675 1194 961 1256 existimo)
1003 1211 1040 1247 a
1078 1196 1157 1247 Μ.
1183 1196 1417 1251 Valerio
1432 1197 1584 1251 Max.
1603 1196 1869 1260 Messala,

88 1300 93 1315 .
150 1320 167 1337 ἱ
271 1267 369 1334 qui
389 1267 643 1333 princeps
665 1266 913 1319 tabulam
937 1265 1191 1332 picturae
1208 1264 1425 1334 proelii,
1437 1279 1548 1332 quo
1570 1263 1865 1331 Carthagi·

272 1335 496 1387 nienses
517 1340 576 1388 et
594 1336 898 1388 Hieronem
918 1335 979 1386 in
1006 1334 1211 1387 Sicilia
1252 1333 1553 1394 devicerat,
1576 1335 1896 1400 proposuit·

273 1405 331 1455 in
374 1405 549 1455 latere
590 1405 792 1456 Curiae
833 1402 1133 1466 Hostiliae,
1172 1418 1319 1454 anno
1358 1403 1428 1457 ab
1468 1403 1614 1472 Urbe
1643 1402 1873 1454 condita

258 1473 565 1524 ‘CGCGXQ
632 1473 790 1524 Fecit
808 1470 913 1523 hoc
931 1471 1079 1524 idem
1100 1479 1159 1523 et
1183 1473 1249 1523 1..
1271 1470 1482 1537 Scipi0,
1509 1471 1871 1538 tabulamque

272 1540 542 1590 victoriae
573 1555 708 1593 suae
737 1540 1012 1592 Asiaticae
1043 1540 1104 1597 in
1126 1540 1402 1605 Capitolio
1441 1540 1656 1605 posuitz
1696 1539 1873 1607 idque

186 1623 197 1636 ·
274 1623 445 1675 aegre
457 1608 668 1661 'tulisse
699 1609 929 1660 fratrem
960 1608 1280 1662 Africanum
1312 1607 1557 1671 tradunt,
1596 1609 1874 1661 haudim-

273 1679 504 1738 merito,
543 1677 762 1744 quando
786 1677 936 1731 filius
960 1679 1079 1730 eius
1100 1678 1155 1727 in
1175 1678 1274 1728 illo
1298 1677 1510 1744 proelio
1532 1684 1723 1744 captus
1749 1677 1874 1737 fue-
1923 1712 1930 1713 a

271 1750 383 1797 rat.
452 1745 580 1798 Non
600 1746 927 1798 dissimilem
962 1747 1321 1799 offensionem
1352 1753 1409 1799 et
1427 1748 1719 1801 Aemiliani
1739 1747 1873 1799 sub·

269 1815 343 1866 iit
362 1812 565 1872 Lucius
583 1815 864 1866 Hostilius
884 1816 1193 1878 Mancinus,
1232 1816 1327 1883 qui
1350 1816 1557 1882 primus
1582 1815 1876 1885 Carthagi-v

270 1897 400 1935 nem
434 1883 730 1950 irruperat,
775 1885 942 1936 situm
976 1885 1093 1937 eius
1124 1885 1675 1952 expugnationesque
1713 1885 1872 1952 depi-

271 1957 391 2003 ctas
420 1951 782 2017 proponendo
813 1953 872 2003 iu
901 1953 1082 2016 Foro,
1124 1955 1320 2019 etipse
1356 1954 1625 2006 assistens
1656 1954 1873 2021 populo

269 2023 548 2087 spectanti
568 2020 785 2088 singula
806 2023 1141 2082 enarrando:
1183 2036 1295 2090 qua
1316 2023 1578 2074 comitate
1599 2025 1880 2089 proximis

269 2089 514 2143 comitiis
553 2091 901 2141 consulatum
942 2090 1176 2156 adeptus
1217 2098 1319 2143 est.
1390 2090 1604 2143 Habuit
1625 2097 1682 2144 et
1699 2107 1875 2146 scena

267 2156 663 2211 ludis··Claudii
680 2158 907 2211 Pulchri
947 2173 1201 2225 magnam
1239 2160 1660 2215 admirationem
1693 2165 1876 2228 pictu-

268 2240 386 2310 rae,
407 2242 532 2278 cum
567 2229 635 2280 ad
667 2228 986 2296 tegularum
1011 2227 1433 2290 similitudinem
1466 2231 1624 2282 corvi
1642 2229 1874 2298 decepti

267 2296 948 2419 lmesffllll.efggglliasrgxtem
970 2367 1216 2419 externis
1241 2366 1630 2420 auctoritatem
1652 2367 1880 2422 Romae

272 2433 495 2500 publice
513 2432 652 2486 fecit
669 2437 880 2502 primus
901 2437 1144 2486 omnium
1170 2435 1379 2487 Lucius
1401 2436 1697 2487 Mummius
1718 2472 1736 2499 ,
1775 2439 1879 2500 cui

261 2509 577 2570 'cognomen
601 2503 823 2555 Achaici
861 2505 1101 2556 victoria
1143 2503 1315 2556 dedit.
1384 2502 1630 2570 Namque
1660 2518 1783 2555 cum
1806 2504 1878 2558 in

272 2572 487 2637 praeda
504 2571 794 2624 vendenda
821 2587 922 2623 rex
942 2573 1161 2623 Attalus
1190 2572 1368 2624 sexies
1392 2579 1532 2623 cent.
1553 2573 1879 2626 sestertium

270 2636 412 2715 mill.
436 2641 664 2693 emisset
704 2639 951 2693 tabulam
994 2641 1287 2703 Aristidae,
1325 2641 1592 2694 Liberum
1630 2646 1877 2709 patrem,

1113 2792 1130 2803 χ
1193 2818 1220 2851 *s
