2017 3034
2013 88 2017 177 4

356 171 433 230 14
598 191 609 197 “
741 176 803 231 C.
858 173 1144 233 PL1N11
1196 173 1583 232 sEctmm

190 302 196 308 ·
270 322 273 327 .
363 279 588 348 pictura
613 284 718 334 est.
790 281 994 339 Omnia
1022 295 1156 349 ergo
1188 280 1428 334 meliora
1458 285 1595 330 tunc
1629 274 1809 342 fuere,
1849 290 1986 331 cum
2015 262 2017 351 Ξ

361 348 744 417 minoi-eopia.
818 351 905 402 Ita
939 357 1043 413 est,
1082 354 1371 418 quoniam,
1410 356 1476 401 ut
1512 363 1680 418 supra
1714 347 2017 412 diximus„

361 420 699 485 rerum‚„non
720 419 910 483 animi,
938 422 1136 487 pretiis
1156 421 1485 473 excubator.
1583 422 1600 427 ·
2015 480 2017 489 Ι

438 487 695 541 xxx-111.
740 489 816 540 Et
848 496 1077 542 nostrae
1108 489 1309 541 aetatis
1341 486 1623 537 insaniam
1653 498 1726 537 ex
1756 485 1991 551 pict-uro

367 569 481 609 non
506 556 780 609 omittam.
869 557 1022 610 Nero
1043 559 1295 627 princeps
1314 559 1566 610 iusserat
1586 554 1912 608 colosseum
1934 569 1992 610 se

310 632 324 637 “
368 626 528 694 pingi
551 625 702 678 CXX
720 624 917 692 pedum
940 629 997 678 in
1020 628 1216 691 linteo,
1239 627 1586 698 incognitum
1615 626 1687 678 ad
1712 625 1820 678 hoc
1839 633 1988 680 tem·

367 709 492 765 pus.
558 696 647 746 Ea
666 697 882 762 pictura
902 710 1032 747 cum
1056 704 1284 764 peracta
1317 705 1471 753 esset
1504 698 1562 749 in
1582 696 1827 748 Maianis
1850 695 1987 750 hor-

368 766 481 827 tis,
527 779 759 817 accensa
793 764 1025 835 fulmine
1065 782 1186 817 cum
1231 768 1444 835 optima
1484 765 1774 818 hortorum
1811 773 1989 833 parte

316 837 327 857 '
371 833 760 900 conflagravit.
832 835 1097 887 Libertus
1119 837 1238 887 eius
1271 851 1393 888 cum
1420 835 1582 887 daret
1601 836 1751 887 Antii
1776 848 1988 889 munus

315 944 327 961 ἦ
362 902 784 972 gladiatorium,
804 904 1056 971 publicas
1078 906 1331 971 porticus
1351 906 1636 959 investivit
1657 905 1905 971 pictura,
1926 913 1989 957 ut
2015 920 2017 923 ’

270 991 287 999 ·
314 984 321 993 ‘
368 979 611 1036 constat,
655 973 1053 1042 gladiatorum,
1095 975 1588 1043 ministrorumque
1611 973 1860 1025 omnium
1887 990 1985 1027 ve-

365 1041 448 1095 ris
488 1043 827 1110 imaginibus
869 1042 1129 1097 redditis·
1229 1045 1343 1096 Hic
1384 1045 1576 1096 multis
1613 1043 1723 1096 iam
1768 1045 1988 1097 seculis

367 1127 615 1165 summus
647 1114 860 1170 animus
880 1115 952 1187 xin
975 1114 1216 1180 pictura.
1282 1114 1455 1183 'Pingi
1479 1121 1666 1166 autem
1691 1114 1982 1184 gladiato·

364 1182 452 1235 ria
473 1196 717 1255 munera,
755 1187 921 1249 atque
943 1183 998 1233 in
1022 1184 1245 1250 publico
1268 1188 1470 1251 exponi
1492 1191 1691 1251 coepta
1722 1199 1756 1235 a
1779 1185 1839 1235 C.
1867 1186 1984 1236 'l'e-

367 1253 554 1304 rentio
575 1251 822 1304 Lucano.
893 1252 947 1304 Is
968 1269 1071 1305 avo
1095 1269 1215 1316 suo,
1239 1271 1292 1305 ,ει
1314 1268 1423 1320 quo
1445 1254 1747 1321 adoptatus
1769 1252 1986 1318 fuerat,

363 1321 597 1390 triginta
620 1323 777 1389 paria
805 1324 860 1373 in
886 1323 1035 1375 Foro
1071 1339 1169 1392 per
1201 1324 1447 1376 triduum
1484 1325 1658 1388 dedit,
1699 1323 1985 1377 tabulam·

368 1405 474 1460 que
497 1392 701 1458 pictam
721 1395 777 1442 in
799 1407 1025 1445 nemore
1049 1393 1261 1446 Dianae
1284 1395 1490 1461 posuit.
1616 1452 1621 1461 ,

437 1458 687 1513 XXXIV.
725 1460 885 1513 Nun'c
919 1462 1168 1529 celebres
1196 1465 1359 1514 inea
1396 1469 1516 1516 arte
1544 1477 1708 1530 quam
1731 1462 1987 1515 maxima

365 1531 647 1583 brevitate
667 1545 1021 1597 percurram:
1049 1548 1226 1600 neque
1250 1534 1395 1584 enim
1416 1533 1658 1584 instituti
1684 1532 1876 1599 operis
1898 1538 1987 1585 est

316 1623 319 1626 ⁴
362 1600 498 1652 talis
520 1601 824 1653 exsecutio.
897 1602 1090 1668 Itaque
1122 1601 1393 1669 quosdam
1424 1603 1512 1655 vel
1544 1605 1602 1654 in
1632 1610 1989 1665 transcursu,

368 1669 501 1724 etin
533 1669 772 1721 aliorum
805 1671 1086 1724 mentione
1120 1672 1305 1724 obiter
1336 1674 1666 1725 nominasse'
1689 1674 1829 1724 satis
1854 1673 1988 1737 erit,

367 1739 616 1806 exceptis
640 1754 869 1806 operum
894 1740 1267 1806 claritatibuS,
1289 1758 1430 1809 quae
1455 1743 1659 1810 etipsa
1678 1743 1990 1796 conveniet

365 1808 588 1876 attingi,
627 1809 747 1862 sive
770 1808 995 1861 exstant
1015 1812 1129 1863 sive
1150 1811 1506 1865 interemere.
1600 1800 1726 1862 Nou
1754 1816 1989 1864 constat

366 1878 480 1931 sibi
502 1879 560 1929 in
583 1877 688 1930 hac
707 1884 865 1946 parte
895 1878 1237 1932 Graecorum
1261 1880 1578 1948 diligentia,
1614 1880 1819 1931 multas
1845 1888 1992 1948 post

368 1948 735 2015 Olympiadas
767 1948 1406 2016 celebrandolpictores,
1443 1947 1606 2017 quam
1642 1951 1988 2013 statuarios,

365 2031 436 2072 ac
476 2024 756 2070 toreutas:
828 2020 1176 2086 primumque
1216 2020 1546 2087 Olympiade
1590 2019 1989 2085 nonagesima,

365 2101 493 2141 cum
517 2096 573 2139 et
594 2086 844 2138 Phidiam
879 2088 1061 2154 ipsum
1095 2090 1258 2140 initio
1296 2084 1565 2155 pictorem
1590 2086 1766 2140 fuisse
1788 2086 1991 2142 trada-

365 2163 478 2219 tur,
519 2156 950 2224 Olympiumque
973 2154 1203 2210 Athenis
1222 2161 1289 2210 ab
1315 2174 1381 2211 eo
1406 2159 1640 2224 pictumt
1682 2163 1996 2224 praeterea

364 2225 422 2278 in
445 2225 700 2278 confesso
722 2228 796 2277 sit
818 2260 834 2288 ‚
879 2228 1224 2294 octogesima
1256 2228 1428 2279 tertia
1456 2227 1630 2278 fuisse
1654 2227 1991 2281 Panaenum

263 2326 279 2335 -
365 2293 601 2348 fratrem
626 2297 768 2358 eius,
813 2295 908 2361 qui
939 2295 1198 2365 clypeum
1233 2297 1388 2347 intus
1403 2296 1610 2363 pinxit2
1639 2296 1824 2362 Elide,
1870 2297 1993 2350 Mi-

365 2378 591 2426 nervae,
623 2380 786 2431 quam
814 2365 1025 2418 fecerat
1048 2366 1273 2418 Colotes
1292 2364 1527 2417 Phidiae
1551 2365 1880 2434 discipulus,
1929 2372 2017 2423 et.

361 2433 423 2485 in
467 2432 727 2485 faciendo
766 2433 895 2485 love
916 2435 1181 2504 Olympio
1220 2435 1466 2488 adiutor.
1538 2433 1683 2498 Quid
1723 2436 1878 2502 quod
1927 2437 1991 2489 in

268 2542 279 2549 κ
367 2502 621 2556 confesso
644 2502 875 2569 perinde
898 2511 1000 2568 est,
1046 2504 1315 2559 Bularchi
1346 2504 1575 2571 pictoris
1606 2504 1879 2566 tabulam,
1919 2507 1991 2561 ,in

365 2586 473 2640 qua
494 2579 617 2624 erat
633 2572 957 2641 Magnetum
981 2573 1573 2639 proelium,candaule
1595 2589 1730 2642 rege
1749 2573 1991 2640 Lydiae

360 2643 790 2695 Heraclidamm
817 2643 1120 2695 novissimo
1138 2678 1152 2703 ,
1192 2646 1282 2710 qui
1318 2649 1378 2695 et
1395 2640 1667 2709 Myrsilus
1689 2643 1993 2697 vocitatus

363 2714 467 2775 est,
506 2725 796 2779 repensam
830 2708 1000 2763 auro?
1072 2713 1254 2764 Tanta
1281 2711 1398 2764 iam
1432 2710 1687 2778 dignatio
1715 2711 1992 2780 picturae
