2017 3034
232 170 238 185 ,
316 97 423 194 ns
689 141 748 207 c.
808 139 1085 195 emm:
1145 104 1526 194 ἐΕουΝυι

313 242 543 298 tradunt
583 244 834 297 inveniri.
905 242 1139 296 sarcitis
1175 242 1413 295 bubulas
1453 258 1647 299 carnes
1689 259 1908 313 reprae-

240 338 259 353 κ
314 320 520 366 sentat.
588 314 861 366 selenitis
874 328 943 365 ex
972 313 1205 364 candido
1243 312 1548 367 translucet
1570 315 1773 368 melleo
1795 315 1906 368 ful-

316 397 479 450 gore,
521 383 817 450 imaginem
858 383 1052 434 Lunae
1092 384 1407 444 continens,
1448 384 1743 451 redditque
1785 400 1909 441 eam

314 452 522 518 indies
555 452 825 520 singulos,
865 453 1163 503 crescentis
1193 452 1597 519 minuentisque
1629 455 1914 509 numeris&

206 516 215 522 ’
314 522 563 571 nascitur
600 521 658 571 in
675 522 897 573 Arabia.
968 519 1229 571 Sideritis
1266 519 1419 571 ferro
1458 513 1674 584 similis,
1715 523 1907 591 litigio

314 589 476 640 illata
514 588 821 640 discordias
841 588 1012 640 facit:
1056 603 1302 655 quaeque
1340 591 1586 642 nascitur
1603 594 1659 642 in
1680 590 1910 645 Aethio·

315 661 410 724 pia
451 657 940 725 sideropoecilos,
984 671 1055 708 ex
1094 671 1163 709 ea
1200 657 1289 726 iit,
1326 659 1674 712 variantibus
1716 661 1908 726 guttis.

309 727 600 793 Spongitis
619 728 888 793 spongiae
911 741 1109 777 nomen
1146 733 1550 792 repraesentat.
1619 727 1914 796 Synodou·

312 796 434 847 titis
459 810 488 846 e
510 797 740 856 cerebro
770 796 1003 862 piscium
1039 801 1123 845 est
1143 829 1160 856 ,
1201 795 1297 865 qui
1333 797 1679 862 synodontes
1709 813 1911 850 vocau-

311 872 421 916 tur.
495 862 750 931 Syrtides
771 866 829 914 in
853 865 1021 916 litore
1042 862 1288 930 Syrtium
1309 897 1327 925 ,
1382 865 1494 923 iam
1518 866 1737 932 quidem
1773 872 1834 920 et
1852 867 1913 918 in

266 974 272 981 .
311 933 563 984 Lucania
584 934 993 994 inveniuntur,e
1015 933 1219 999 melleo
1236 933 1611 986 colore‘croco
1632 935 1924 1006 ‘refulgent--

313 1008 421 1054 tes:
445 1002 594 1052 intus
618 1009 802 1054 autem
825 1001 1016 1052 stellas
1031 1003 1317 1070 continent
1331 1002 1637 1069 languidas.
1661 1003 1912 1072 Syl-iugi·

314 1071 386 1122 tis
395 1071 633 1136 stipulae
646 1071 962 1121 internodio
975 1070 1457 1137 similis,perpetua
1466 1072 1653 1125 fistula
1661 1081 1911 1129 cavatur,

378 1138 630 1190 LXVIII.
669 1137 940 1191 Trichrus
979 1153 1051 1190 ex
1090 1137 1280 1193 Africa
1316 1140 1480 1206 nigra
1520 1148 1627 1203 est,
1660 1142 1762 1195 sed
1794 1151 1910 1197 tres

311 1217 506 1260 succos
531 1207 717 1259 reddit
738 1243 754 1271 ,
792 1224 828 1260 a
848 1207 1035 1259 radice
1060 1209 1265 1260 nitrum
1287 1244 1304 1272 ‚
1347 1211 1533 1267 medio
1568 1211 1914 1287 sanguinem,

309 1290 524 1330 summo
552 1275 791 1328 ochram.
829 1275 1175 1329 Telirrhizos
1207 1280 1413 1331 cinerei
1436 1279 1641 1331 coloris
1662 1289 1762 1332 aut
1784 1282 1912 1345 ruli,

314 1345 568 1399 candidis
608 1346 886 1398 radicibus
927 1351 1231 1412 spectatur.
1322 1347 1676 1401 Telicardios
1717 1350 1911 1421 colore

312 1414 513 1467 cordis.
583 1414 797 1479 Persas,
817 1415 964 1481 apud
992 1429 1127 1481 quos
1148 1416 1415 1484 gignitur,
1456 1432 1795 1486 magnopere
1815 1420 1910 1473 de·

311 1485 520 1536 lectat:
561 1483 874 1536 muchulam
911 1484 1221 1550 appellant:
1283 1483 1524 1539 Thracia
1545 1488 1714 1539 trium
1733 1504 1908 1556 gene·

308 1568 430 1604 rum
475 1557 590 1612 est,
633 1553 858 1615 viridis,
907 1561 1005 1603 aut
1047 1553 1340 1618 pallidior,
1379 1557 1549 1606 tertia
1584 1560 1908 1624 sanguineis

241 1623 246 1628 '
307 1622 500 1690 guttis.
570 1619 854 1689 Tephritis
894 1636 1071 1675 novae
1092 1621 1283 1673 Lunae
1311 1625 1549 1689 speciem
1579 1622 1749 1679 habet
1787 1643 1908 1680 cur·

307 1696 472 1741 vatae
493 1689 552 1738 in
588 1703 835 1751 cornua,
877 1693 1127 1757 quamvis
1162 1691 1366 1744 cinerei
1399 1694 1618 1746 coloris.
1690 1697 1911 1749 'l'ecolb

309 1757 435 1809 thos
476 1758 635 1810 oleae
672 1758 900 1811 nucleus
944 1759 1198 1812 videtur:
1240 1776 1417 1828 neque
1451 1768 1536 1814 est
1570 1764 1625 1816 ei
1652 1778 1910 1832 gemmae

311 1827 506 1888 honos,
528 1827 624 1878 sed
649 1829 967 1896 ungentium
990 1829 1238 1881 calculos
1261 1831 1471 1898 frangit
1494 1833 1783 1900 pellitque.

377 1896 574 1948 LXIX.
617 1897 843 1949 Veneris
883 1898 1051 1950 crinis
1082 1899 1371 1964 nigerrimi
1410 1901 1611 1953 nitoris
1648 1905 1911 1957 continet

309 1967 676 2032 speciemrufi
699 1967 882 2018 crinis.
906 1966 1220 2022 Veientana
1236 1969 1437 2021 Italica
1457 1982 1678 2035 gemma
1690 1980 1793 2036 est,
1806 1975 1912 2028 Vee

307 2035 375 2086 iis
392 2036 846 2102 reperta,nigram
861 2038 1157 2090 materiam
1176 2037 1551 2106 distinguente
1563 2040 1740 2095 limite
1754 2043 1911 2095 albo.

378 2103 561 2171 LXX.g
587 2104 926 2156 Zanthenem
948 2106 1004 2155 in
1027 2107 1218 2159 Media
1238 2109 1392 2160 nasci
1409 2107 1772 2181 Democritus
1794 2120 1913 2164 tra-

310 2171 410 2234 dit,
456 2172 651 2224 electri
687 2175 903 2235 colore,
944 2181 1001 2226 et
1038 2176 1089 2226 si
1113 2178 1236 2244 quis
1270 2177 1496 2230 teratin
1516 2177 1640 2228 vino
1663 2180 1912 2248 palmeo,

310 2246 367 2291 et
389 2255 571 2302 croco,
595 2258 754 2294 cerae
775 2245 941 2297 modo
964 2245 1287 2309 lentescere,
1331 2245 1505 2298 odore
1526 2261 1764 2314 magnae
1784 2267 1913 2305 sua·

308 2308 513 2359 vitatis.
586 2310 909 2379 Zmilampis
944 2313 1000 2362 in
1025 2313 1309 2380 Euphrate
1335 2316 1583 2367 nascitur
1601 2349 1618 2377 ,
1657 2318 1911 2372 Procon-

305 2377 462 2427 nesio
484 2380 750 2435 marmori
772 2381 986 2445 similis,
1027 2384 1210 2435 medio
1234 2386 1424 2436 colore
1446 2385 1667 2450 glauco.
1741 2390 1911 2442 Zora-

307 2443 525 2495 nisceos
548 2445 605 2495 in
628 2445 762 2498 Indo
786 2447 1009 2502 flumine
1040 2453 1324 2504 nascitur:
1365 2452 1659 2519 Magorum
1682 2471 1911 2525 gemma

308 2527 430 2566 esse
452 2519 745 2566 narratur:
782 2533 960 2584 neque
983 2516 1132 2571 aliu‘d
1155 2523 1391 2588 amplius
1417 2521 1593 2578 deca.
1623 2569 1634 2580 .

375 2582 589 2653 lixxl2
609 2583 712 2636 Est
731 2587 1163 2643 etiamnumalia
1187 2592 1473 2643 distinctio
1494 2628 1511 2654 ‚
1554 2609 1720 2661 quam
1743 2598 1906 2663 equi·

310 2649 431 2699 dem
469 2651 733 2715 fecerim5
772 2655 1000 2709 subinde
1034 2659 1250 2712 variata
1272 2660 1639 2729 expositione.
1714 2664 1907 2733 Siqui-
