2017 3034
318 158 632 215 NATUR.
678 162 901 216 HIS'r.
940 162 1107 216 LlB.
1153 162 1452 216 XXXVI.
1488 164 1539 216 4.
1659 162 1728 219 55

128 263 432 332 vestigium
473 264 722 333 reliquit.
791 265 1003 319 Romae
1032 263 1336 319 Praxitelis
1369 281 1542 334 ¹opera
1575 274 1727 332 sunt,

129 333 326 396 Flora,
372 334 779 400 Triptolemus,
816 336 985 389 Ceres
1008 335 1068 386 in
1086 334 1271 387 hortis
1291 334 1540 387 Servilii:
1582 336 1728 388 Boni

132 402 404 465 Eventus,
422 410 484 454 et
504 405 695 457 Bonae
716 405 1000 457 Fortunae
1020 405 1323 455 simulacra
1343 405 1399 454 in
1423 406 1726 470 Capitoline

131 470 273 524 item
295 477 353 524 et
372 473 702 535 Maenades,
742 480 804 526 et
832 487 969 540 ‘quas
988 472 1259 541 Thyades
1280 481 1512 536 vocant,
1554 480 1612 525 et
1629 476 1731 526 Ca·

131 540 416 606 ryatidas:
455 548 517 592 e‘t
536 540 745 604 Sileni,
780 544 840 593 in
861 541 1131 595 Pollionis
1151 542 1326 594 Asinii
1347 543 1732 607 monumentis,

136 615 192 660 et
213 609 417 674 Apollo
435 617 498 662 et
514 611 824 678 Neptunus.
1659 621 1668 627 '

200 677 257 728 6.
290 677 589 731 Praxitelis
630 681 792 732 filius.
809 678 1252 747 Cephissodorus
1293 686 1353 734 et
1391 679 1531 731 artis
1571 677 1731 731 heres

130 744 255 796 ruit.
332 749 498 798 Cuius
536 749 822 801 laudatum
856 755 944 802 est
966 750 1223 818 Pergami
1254 749 1626 817 symplegma,
1661 749 1735 798 si·

132 829 300 881 gnum
320 817 536 881 nobile,
568 814 766 886 digitis
784 820 1008 885 corpori
1026 821 1229 881 verius,
1264 833 1427 885 quam
1453 817 1734 877 marmori,

130 886 436 950 impressis.
456 886 671 939 Romae
694 889 811 939 eius
836 886 1005 954 opera
1023 895 1182 939 sunt:
1205 888 1425 939 Latona
1443 887 1500 937 in
1525 885 1733 937 Palatii

133 952 401 1005 delubro:
422 955 623 1007 .Venus
654 957 713 1007 in
742 955 1018 1008 Pollionis
1043 958 1215 1009 Asinii
1237 955 1631 1023 monumentis:
1673 962 1731 1007 et

132 1021 289 1140 inti}
302 1023 570 1078 Octaviae
589 1026 841 1092 porticus
860 1027 922 1077 in
942 1022 1165 1078 lunonis
1186 1026 1330 1078 aede
1350 1023 1729 1091 Aesculapius,

133 1104 197 1141 ac
277 1105 423 1143 iana.

198 1159 251 1209 7.
290 1156 507 1226 Scopae
527 1159 653 1212 laus
671 1177 796 1214 cum
812 1159 906 1214 his
937 1168 1129 1215 certat.
1199 1161 1253 1214 Is
1274 1161 1413 1216 fecit
1433 1163 1727 1224 Venerem,

135 1232 189 1278 et
210 1222 455 1292 Pothon,
474 1235 532 1281 et
554 1229 977 1295 Phaethontem,
999 1232 1092 1296 qui
1107 1230 1471 1283 Samothrace
1489 1231 1728 1281 sanctis·

136 1296 290 1346 simis
311 1299 633 1354 cerimoniis
665 1299 944 1350 coluntur.
1018 1301 1157 1350 ltem
1177 1299 1494 1363 Apollinem
1518 1296 1725 1361 Palati·

138 1380 282 1426 num,
307 1367 535 1418 Vestam
559 1367 844 1418 sedentem
868 1363 1152 1417 laudatam
1173 1366 1230 1415 in
1252 1365 1576 1417 Servilianis
1595 1362 1725 1416 hor-

140 1431 227 1494 tis,
269 1434 520 1500 duasque
536 1433 922 1487 chametaeras
964 1434 1272 1497 circaeam,
1315 1448 1544 1502 quarum
1568 1447 1728 1501 pares

104 1532 111 1557 .-
136 1501 188 1551 in
212 1503 387 1553 Asinii
430 1504 798 1555 monumentis
821 1509 969 1567 sunt,
1008 1504 1106 1556 ubi
1129 1510 1186 1555 et
1205 1502 1559 1569 Canephoros
1582 1505 1725 1555 eius-

136 1571 279 1622 dem.
351 1572 460 1623 Sed
481 1575 537 1623 in
558 1573 801 1624 maxima
838 1573 1165 1640 dignatione
1186 1575 1283 1625 Gn.
1309 1573 1544 1624 Domitii
1568 1571 1723 1624 deln-

134 1639 236 1692 bro
258 1642 314 1690 in
336 1642 496 1692 Circo
516 1641 791 1693 Flaminio
813 1642 1100 1709 Neptunus
1121 1643 1270 1707 ipse,
1308 1648 1365 1693 et
1387 1641 1602 1704 Thetis,
1645 1647 1729 1691 at·

138 1723 240 1775 que
263 1708 522 1772 Achilles,
533 1711 800 1763 Nereides
819 1726 985 1778 supra
1004 1710 1296 1778 delphinos
1315 1716 1372 1762 et
1396 1716 1516 1762 cete
1535 1715 1593 1762 et
1609 1707 1726 1777 hip-

135 1787 433 1844 pocampos
450 1779 729 1831 sedentes.
760 1781 896 1831 Item
921 1781 1202 1841 Tritones,
1225 1779 1534 1845 chorusque
1556 1775 1727 1830 Phor·

136 1847 201 1907 ci,
240 1853 297 1898 et
316 1847 538 1914 pristes,
573 1862 642 1900 ac
665 1849 841 1901 multa
864 1849 979 1901 alia
996 1849 1233 1909 marina,
1276 1848 1459 1899 omnia
1482 1848 1724 1899 eiusdem

133 1929 346 1977 manus,
386 1917 735 1983 praeclarum
757 1932 916 1983 opus,
959 1918 1127 1969 etiam
1152 1919 1198 1966 si
1224 1919 1398 1968 totius
1421 1918 1576 1967 vitae
1596 1914 1727 1966 fuis·

135 1991 238 2037 set.
308 1986 473 2038 Nunc
493 2002 625 2039 vero
648 1993 868 2054 praeter
890 2001 1062 2052 supra
1085 1985 1255 2046 dicta,
1277 1999 1530 2051 quaeque
1551 1983 1728 2034 nesci-

134 2067 284 2114 mus,
325 2057 480 2123 Mars
503 2062 588 2107 est
611 2057 908 2108 etiamnum
931 2055 1131 2107 sedens
1155 2055 1438 2104 colosseus
1462 2051 1725 2115 eiusdem,

133 2122 189 2172 in
210 2124 422 2190 templo
444 2125 605 2176 Bruti
625 2125 855 2176 Callaici
877 2122 1026 2190 apud
1048 2123 1267 2172 Circum
1285 2121 1538 2172 eundem.
1561 2119 1727 2172 Prae·

134 2198 292 2243 terea
312 2193 502 2245 Venus
537 2195 595 2245 in
620 2195 813 2246 eodem
847 2193 972 2244 loco
1002 2189 1157 2240 nuda
1184 2189 1540 2240 praxiteliam
1572 2188 1726 2240 illam

136 2264 492 2328 antecedens,
529 2270 590 2316 et
615 2276 993 2332 quemcunque
1023 2258 1204 2311 alium
1242 2256 1424 2309 locum
1463 2257 1722 2310 nobilita-

137 2336 277 2382 tura.
816 2356 825 2361 -
962 2338 967 2345 ‘

208 2401 258 2449 8.
295 2400 510 2453 Romae
530 2400 753 2467 quidem
772 2398 1097 2468 magnitudo
1121 2410 1349 2464 operum
1379 2410 1499 2447 eam
1525 2394 1725 2447 oblite·

141 2475 246 2530 rat,
258 2484 321 2520 ac
345 2466 529 2536 magni
550 2471 856 2522 officiorum
868 2469 1333 2536 negotiorumque
1347 2467 1526 2516 acervi
1539 2477 1731 2515 ¹omnes
1815 2506 1824 2511 -

143 2540 669 2656 ¹&contemplatione
689 2539 887 2620 talium
907 2537 1211 2619 abducunt,
1233 2534 1494 2613 quoniam
1517 2531 1730 2612 otioso·

210 2623 259 2659 m
302 2617 357 2661 et
399 2611 455 2659 in
489 2623 690 2676 magno
723 2610 837 2660 loci
875 2605 1101 2657 silentio
1127 2610 1260 2668 apta
1279 2602 1573 2651 admiratio
1593 2597 1731 2646 talis

147 2681 257 2740 est,
275 2679 401 2742 Qua
424 2679 497 2731 de
519 2688 686 2730 causa
703 2677 996 2745 ignoratur
1016 2670 1223 2723 artifex
1244 2671 1363 2720 eius
1385 2677 1600 2739 quoque
1621 2661 1730 2713 Ve.
