2017 3034
211 211 264 266 N
274 213 318 264 A
329 212 437 266 TU
452 213 518 265 R.
549 215 607 269 H
621 214 646 266 1
659 214 696 268 S
708 216 775 268 T.
807 215 859 270 1,
870 214 895 266 1
906 216 973 267 B.
988 214 1244 269 XXXVI.
1266 215 1350 269 18.
1366 213 1450 269 19.
1585 214 1660 267 ’60

81 327 238 365 eursu
257 313 414 381 ignes
438 317 746 379 ostendere,
787 319 856 370 ad
879 317 1322 384 praenuntianda
1340 318 1499 378 vada,
1538 331 1663 382 por·

78 389 271 448 tusque
293 386 611 436 introitum:
656 387 849 451 quales
870 390 980 437 iam
1004 386 1383 451 compluribus
1403 385 1539 436 locis
1559 383 1656 434 fla·
1679 376 1710 451 J

26 480 27 483 =
80 459 255 519 grant,
278 459 341 502 ut
362 454 566 515 Ostiae,
596 469 663 504 ac
680 455 988 507 Ravennae.
1062 454 1373 507 Periculum
1411 455 1469 503 in
1490 454 1690 523 conti-f

26 548 27 551 =
84 521 342 572 nuatione
373 521 602 588 ignium,
646 538 714 574 ne
746 524 901 575 sidus
937 524 1310 586 existimetur,
1353 522 1610 590 quoniam
1636 537 1668 573 e

83 590 372 656 longinquo
394 592 590 642 similis
610 589 952 645 flammarum
975 599 1232 659 aspectus
1253 598 1354 644 est.
1389 593 1501 642 Hic
1519 590 1670 642 idem

26 696 27 699 η
84 657 413 709 architectus
434 661 644 726 primus
667 663 911 714 omnium
943 662 1208 729 pensilem
1230 659 1666 727 ambulationem

85 723 244 777 Gn‘idi
267 727 466 779 secisse
487 730 741 781 traditur.
1164 772 1169 778 .
1610 764 1616 773 ·

98 824 101 829 -
146 795 295 847 XIX.
331 795 595 848 Dicamus
640 804 697 850 et
731 797 1098 867 labyrinthos,
1140 799 1229 850 vel
1250 797 1667 865 portentosissi-

26 914 27 917 ,
88 879 225 914 mum
251 863 473 925 humani
495 867 761 933 impendii
783 884 939 935 opus,
974 869 1073 920 sed
1105 882 1233 930 non,
1271 873 1334 918 ut
1356 864 1667 918 existimari

87 939 289 998 potest,
320 935 538 987 falsum.

151 1001 197 1051 1·.
234 1001 418 1054 Durat
455 1005 620 1056 etiam
655 1020 799 1057 nunc
837 1007 896 1065 in
915 1004 1668 1073 Aegyptofleracleopolit'e

26 1070 27 1097 ³
86 1085 260 1132 nomo,
301 1073 393 1137 qui
418 1074 623 1137 primus
645 1073 826 1126 factus
848 1081 932 1126 est
958 1082 1087 1127 ante
1110 1089 1299 1138 annos,
1336 1079 1400 1126 ut
1422 1074 1669 1136 tradunt,

87 1146 276 1204 quater
304 1141 458 1192 mille
490 1151 798 1205 sexcentos,
840 1160 874 1195 a
896 1145 1202 1196 Petesucco
1231 1159 1379 1211 rege,
1422 1143 1540 1195 sive
1568 1143 1667 1193 Ti·

26 1204 29 1287 ’ξ
86 1208 225 1259 thoe.
301 1208 623 1275 Quanquam
648 1212 973 1263 Herodotus
1008 1220 1188 1263 totum
1215 1226 1350 1278 opus
1373 1226 1562 1277 regum
1585 1226 1670 1260 es-

26 1304 27 1333 ³
87 1291 142 1327 se
179 1276 329 1338 dicit,
371 1281 761 1347 novissimique
781 1280 1189 1332 Psammetichi.
1262 1283 1494 1339 Causam
1534 1276 1671 1328 faci-

26 1402 29 1409 ,
90 1345 399 1403 endivarie
440 1349 891 1415 interpretantur.
964 1348 1289 1406 Demoteles
1321 1349 1529 1415 regiam
1551 1347 1673 1396 Mu·

26 1422 29 1483 {
88 1412 330 1466 thei-udis
350 1416 537 1481 fuisse,
559 1416 780 1484 Lyceas
810 1419 1123 1486 sepulcrum
1146 1417 1446 1471 Moeridist
1489 1415 1672 1480 plures

90 1482 198 1534 Seli
222 1487 519 1536 sacrumid
542 1495 903 1551 exstructum,
937 1486 1089 1554 quod
1111 1487 1348 1538 maxime
1373 1486 1635 1536 creditur.

26 1486 39 1629 Ῥ
142 1553 194 1604 2.
229 1553 595 1622 Hincutique
619 1559 883 1611 sumsisse
914 1556 1226 1608 Daedalum
1250 1555 1531 1619 exemplar
1555 1554 1672 1603 eius

26 1634 29 1637 ¹
89 1620 407 1688 labyrinthi,
452 1639 615 1690 quem
652 1627 785 1678 fecit
825 1629 883 1678 in
918 1627 1106 1688 Creta,
1145 1639 1255 1675 non
1299 1629 1385 1676 est
1429 1622 1673 1676 dubium,
1715 1668 1720 1671 ,

89 1691 174 1741 sed
213 1695 570 1757 centesimam
597 1702 813 1749 tantum
858 1696 1169 1762 portionem
1216 1695 1334 1744 eius
1373 1691 1672 1748 imitatum,
1765 1720 1770 1726 ·

89 1773 216 1823 quae
239 1759 504 1812 itinerum
526 1765 789 1831 ambages
830 1776 1196 1829 occursusque
1231 1776 1296 1811 ac
1317 1773 1573 1812 recursus
1594 1758 1674 1807 in·

89 1829 352 1893 explieab‘
383 1845 445 1881 es
464 1832 740 1882 continet:
783 1845 891 1882 non
916 1832 1079 1894 (utin
1102 1829 1445 1896 pavimentis,
1467 1841 1667 1893 pucro-

89 1911 268 1948 rumve
293 1897 351 1946 lu
394 1898 527 1950 i'cris
550 1900 950 1966 campestribus
971 1897 1241 1963 videmus)
1285 1897 1439 1949 brevi
1469 1895 1673 1968 lacinia

87 1965 253 2016 millia
298 1980 559 2030 passuum
603 1969 763 2034 plura
817 1967 1214 2020 ambulationis
1255 1965 1672 2017 continentem:

86 2035 171 2084 sed
194 2034 642 2088 crebrisforibus
665 2037 872 2099 inditis,
895 2037 966 2090 acl
987 2035 1264 2089 fallendos
1288 2045 1567 2091 occursus,
1587 2044 1672 2079 re·

88 2101 470 2169 dcundumque
491 2106 551 2157 in
579 2121 795 2158 errores
832 2108 1072 2159 eosdem.
1143 2103 1426 2155 Secundus
1453 2099 1542 2153 hic
1563 2097 1674 2148 fuit

86 2170 449 2238 abAegyptio
486 2173 871 2241 labyrinthus:
915 2175 1115 2231 tertius
1154 2174 1212 2222 in
1237 2172 1475 2223 Lemno:
1515 2180 1675 2233 quar·

87 2244 164 2289 tus
186 2240 248 2290 in
269 2240 450 2293 ltalia.
543 2245 747 2296 Omnes
767 2245 950 2311 lapide
971 2243 1151 2311 polito
1171 2239 1477 2295 fornicibus
1496 2237 1633 2289 tecti
1658 2254 1673 2285 ε

86 2309 383 2378 Aegyptius
426 2313 594 2375 (quod
616 2313 791 2365 miror
813 2305 1114 2378 equidem)’
1138 2309 1373 2361 introitu
1411 2307 1599 2374 lapide
1642 2321 1675 2356 e

84 2420 85 2423 ,
126 2379 282 2426 ario:
325 2378 598 2429 columnis
620 2380 868 2447 reliquis,
915 2396 944 2432 e
969 2379 1223 2446 Syenite=
1260 2376 1502 2429 molibus
1527 2389 1675 2427 com·

84 2445 289 2506 positis,
333 2461 470 2511 quas
510 2447 812 2501 dissolvere
847 2463 915 2501 ne
943 2447 1133 2500 secula
1166 2447 1382 2514 quidem
1421 2447 1673 2512 possint:

89 2510 468 2567 adiuvantibus
507 2517 1001 2583 Heracleopolitis,
1041 2516 1133 2582 qui
1170 2516 1226 2566 id
1261 2531 1398 2582 opus
1438 2514 1675 2563 invisum

85 2582 212 2634 mire
231 2583 591 2647 infestavere.
661 2586 999 2638 positionem
1041 2587 1222 2650 operis
1254 2585 1376 2635 eius
1408 2578 1675 2655 singulas·

44 2668 53 2677 ·
86 2661 181 2711 que
200 2659 393 2717 partes
419 2668 680 2707 enarrare
700 2671 810 2706 non
832 2660 946 2715 est,
986 2668 1110 2704 cum
1143 2653 1293 2704 sitin
1316 2652 1571 2714 regiones
1592 2645 1674 2693 dt-

89 2717 274 2783 visum,
322 2729 492 2790 atque
535 2726 592 2776 in
635 2724 1016 2791 praefecturas
1039 2727 1202 2788 (quas
1240 2716 1431 2771 vocavi
1458 2713 1675 2765 nomos}
