2017 3034
261 123 580 183 NAruR.
624 123 850 181 msT.
908 123 1554 181 nummum-6⁶.
1657 124 1733 182 93

131 242 259 296 quas
284 227 494 283 Romae
514 228 676 293 fecit,
716 229 967 298 figlinum
990 244 1132 301 opus
1155 234 1419 282 encausto
1441 228 1651 296 pinxit:
1671 230 1733 282 in
1769 218 1772 219 ⁷

128 299 354 367 reliquis
374 301 596 355 albaria
626 300 951 353 adornavit:
996 314 1106 352 non
1131 299 1296 363 dubie
1319 301 1529 355 vitreas
1549 298 1734 353 factu·

125 383 216 422 rus
239 383 509 433 cameras,
545 371 600 438 *si
619 369 777 437 prius
803 371 1089 422 inventum
1111 370 1171 421 id
1195 368 1418 430 fuisset,
1456 375 1555 423 aut
1576 385 1731 438 apa·

122 437 358 490 rictibus
400 455 618 503 scenae,
662 446 728 491 ut
746 440 1010 502 diximus,
1053 439 1270 502 Scauri,
1314 438 1655 505 pervenisset
1676 442 1738 491 in

125 521 392 560 cameras.
447 510 822 573 Quamobrem
848 516 907 562 et
930 510 1063 560 vitri
1082 516 1283 560 natura
1305 507 1610 560 indicanda
1627 515 1737 563 est.

188 575 366 629 LXV.
401 576 540 631 Pars
561 587 650 641 est
668 578 886 646 Syriae,
918 593 1061 645 quae
1085 577 1362 630 Phoenice
1383 581 1635 640 vocatur,
1675 578 1737 629 fir

121 647 325 698 nitima
344 647 603 712 Iudaeae,
643 649 799 701 intra
826 650 1033 700 montis
1059 648 1305 715 Carmeli
1327 645 1547 700 radices
1582 647 1739 714 palu·

120 715 244 769 dem
269 716 498 780 habens,
537 733 678 784 quae
712 725 950 771 vocatur
969 717 1263 770 Cendevia.
1335 718 1424 769 Ex
1460 732 1527 770 ea
1558 717 1737 771 credi·

115 795 209 837 tur
228 787 384 838 nasci
399 786 573 839 Belus
592 789 789 850 amnis,
811 790 1052 855 quinque
1068 789 1147 840 M.
1161 803 1309 855 pass,
1329 788 1517 854 spatio
1538 786 1600 838 in
1620 801 1737 841 ma-

117 869 178 907 re
199 855 498 922 perfluens,
530 858 694 925 iuxta
712 856 1125 911 Ptolemaidem
1152 857 1447 909 coloniam.
1519 857 1736 910 Lentus

116 923 208 977 hic
229 927 427 991 currit,
450 924 726 979 insalubri
749 933 902 995 potu,
916 927 1017 980 sed
1038 927 1356 992 cerimoniis
1377 941 1554 991 sacer,
1576 927 1738 979 limo·

114 1008 239 1057 sus,
276 997 426 1048 vado
450 996 783 1062 profundus.
853 996 979 1050 Non
1001 996 1106 1048 nisi
1137 997 1330 1049 refuso
1369 997 1517 1049 mari
1534 1010 1735 1051 arenas

114 1063 355 1118 fatetur:
397 1066 664 1119 fluctibus
688 1065 835 1118 enim
854 1068 1144 1120 volutatae
1167 1066 1468 1130 nitescunt,
1508 1065 1737 1119 detritis

113 1134 392 1188 sordibus.
483 1136 642 1188 Nunc
682 1141 739 1188 et
778 1151 814 1186 a
851 1137 1073 1188 marino
1118 1136 1420 1189 creduntur
1454 1135 1738 1202 adstringi
1792 1189 1808 1200 X

114 1218 325 1267 morsu,
348 1218 462 1264 noa
485 1206 637 1271 prius
652 1205 841 1273 utiles.
890 1207 1338 1273 quingentorum
1363 1215 1450 1256 est
1470 1219 1736 1271 passuum
1779 1231 1786 1235 ·

48 1270 49 1275 ’
114 1287 223 1325 non
266 1274 506 1341 amplius
549 1275 738 1327 litoris
777 1278 1046 1340 spatium,
1084 1273 1264 1340 idquex
1299 1279 1517 1325 tantum
1556 1274 1737 1327 multa

113 1344 430 1411 pei-(secula
468 1344 746 1412 gignendo
766 1343 878 1396 fuit
899 1343 1070 1395 vitro.
1132 1342 1306 1397 Fama
1327 1348 1413 1395 est
1434 1378 1452 1406 ‚
1496 1342 1737 1410 appulsa

116 1428 257 1467 nave
280 1423 653 1466 mercatorum
675 1413 810 1467 nitri
835 1449 853 1477 ,
893 1427 1020 1465 cum
1055 1413 1236 1479 sparsi
1257 1426 1359 1478 per
1377 1412 1516 1465 litus
1539 1411 1734 1481 'epulas

116 1491 381 1551 pararent
400 1518 418 1546 ,
457 1499 559 1536 nec
581 1492 732 1536 esset
757 1482 989 1535 cortinis
1021 1482 1347 1535 attollendis
1371 1482 1623 1550 lapidum
1645 1496 1738 1536 oc-

116 1554 303 1626 casio,
332 1553 529 1622 glebas
549 1553 686 1605 nitri
706 1568 738 1606 e
761 1568 903 1607 nave
926 1551 1257 1609 subdidisse.
1305 1553 1520 1615 Quibus
1542 1567 1736 1606 accen-

113 1622 191 1674 sis
208 1625 496 1690 permixta
518 1638 689 1677 arena
708 1623 916 1685 litoris,
958 1622 1372 1675 translucentes
1395 1624 1527 1675 novi
1546 1622 1730 1691 liquo·
1811 1614 1824 1683 ἰ

111 1692 190 1744 ris
209 1691 441 1746 fluxisse
459 1694 630 1756 rivos,
653 1699 712 1745 et
732 1691 876 1745 hanc
896 1692 1077 1745 fuisse
1097 1692 1376 1761 originem
1398 1693 1551 1747 vitri.

179 1759 386 1815 LXVI.
421 1763 579 1827 Mox,
623 1768 1033 1815 ut‘estastuta
1067 1767 1123 1814 et
1159 1762 1452 1830 ingeniosa
1474 1762 1731 1825 solertia,

109 1845 221 1885 non
258 1830 386 1883 fuit-
408 1838 675 1884 contenta
714 1833 924 1884 nitrum
964 1833 1284 1885 miscuissez
1325 1838 1556 1898 coeptus
1596 1831 1732 1885 addi

110 1908 422 1967 etrmagnes
442 1903 616 1968 lapis:
655 1902 918 1968 quoniam
950 1903 1011 1953 in
1043 1917 1105 1954 se
1132 1901 1410 1968 liquorem
1442 1902 1569 1953 vitri
1595 1915 1730 1968 quo·

108 1972 236 2036 q‘ue,
275 1979 341 2023 ut
370 1971 610 2034 ferrum,
650 1970 875 2025 trahere
905 1973 1175 2025 creditur.
1249 1968 1436 2021 Simili
1456 1968 1637 2021 'modo
1670 1975 1730 2022 et

108 2040 316 2093 calculi
342 2040 697 2108 splendentes
726 2040 1093 2095 multifariam
1129 2039 1318 2104 coepti
1361 2038 1482 2089 uri:
1526 2037 1729 2094 deinde

106 2109 377 2173 conchae,
416 2117 476 2162 et
504 2110 729 2163 fossiles
760 2125 982 2163 arenae.
1053 2110 1329 2160 Auctores
1360 2112 1509 2171 sunt,
1547 2106 1608 2158 in
1637 2107 1729 2160 In·

105 2177 197 2231 dia
216 2195 253 2233 e
274 2179 552 2247 crystallo
574 2178 759 2233 fracta
778 2180 920 2244 fieri,
951 2186 1008 2232 et
1034 2178 1104 2229 ob
1128 2176 1185 2228 id
1206 2175 1419 2229 nullum
1443 2182 1729 2245 compara·

101 2247 390 2302 riludico.
416 2263 425 2271 ·
463 2248 706 2304 Levibus
729 2247 916 2302 autem
948 2247 1233 2314 aridisque
1251 2245 1423 2314 lignis
1445 2248 1725 2314 coquitur,

102 2317 307 2371 addito
345 2319 573 2385 Cyprio,
612 2334 679 2372 ac
713 2318 889 2385 nitro,
925 2316 1168 2370 maxiine
1202 2315 1460 2382 Ophirio.
1532 2317 1724 2371 Conti-

101 2386 227 2440 nuis
270 2386 619 2451 fornacibus,
658 2396 724 2442 ut
753 2404 869 2452 aes,
890 2384 1170 2455 liquatur,
1210 2398 1540 2453 massaeque
1582 2387 1728 2438 fiunt

101 2458 301 2513 colore
323 2460 523 2527 pingui
559 2459 919 2526 nigricantes.
991 2456 1153 2509 Acies
1182 2460 1343 2509 tanta
1377 2462 1463 2509 est
1485 2470 1727 2524 quacun·

102 2541 229 2595 que,
272 2537 342 2580 ut
364 2528 512 2582 citra
532 2529 707 2597 ullum
733 2543 957 2591 sensum
979 2526 1051 2579 ad
1074 2540 1207 2579 ossa
1227 2534 1490 2580 consecet
1509 2559 1526 2586 ,
1564 2523 1725 2589 quid·

102 2596 241 2664 quid
267 2597 546 2653 afflaverit
577 2601 850 2666 corporis.
921 2597 1010 2650 Ex
1040 2597 1237 2648 massis
1253 2610 1448 2648 rursus
1468 2591 1725 2643 funditur

99 2666 158 2723 in
197 2666 463 2749 officinis,
500 2669 871 2741 tingiturque.
942 2667 1021 2723 Et
1062 2666 1220 2725 aliud
1258 2664 1396 2719 flatu
1427 2661 1723 2729 figuratur,
1816 2670 1824 2678 ·

1791 1402 1892 1631 N..
