2017 3034
294 61 365 113 68
680 57 740 108 C.
770 52 1058 108 1³1.an
1110 50 1483 109 SECUNDI

299 162 498 231 quibus
521 160 704 213 factae
726 159 856 221 sint,
875 156 1184 209 iustissimo
1208 171 1339 208 casu
1359 151 1680 206 obliteratis
1702 148 1932 204 tantae'

298 232 565 283 vanitatis
601 231 934 280 auctoribus.
1045 226 1231 293 Aliqui
1273 240 1341 278 ex
1381 224 1468 275 his
1508 222 1908 290 prodiderunt,

194 320 206 329 ‘
298 301 354 351 in
376 299 672 366 raphanos,
703 305 759 350 et
782 297 989 358 allium,
1031 311 1097 347 ac
1119 309 1337 362 cae-pas,
1357 293 1512 344 mille
1532 298 1807 344 sexcenta
1831 298 1909 342 ta·

297 370 452 421 lenta
470 373 720 434 erogata.
790 366 1149 432 Amplissima
1180 371 1308 415 octo
1337 365 1534 430 iugera
1562 362 1788 412 obtinet
1818 375 1908 410 so-

298 438 358 500 li,
397 445 636 503 quatuor
653 436 978 502 angulorum
1002 434 1225 500 paribus
1247 432 1576 492 intervallis,
1598 442 1698 496 per
1722 430 1906 481 octin-

298 513 496 574 gentos
518 502 806 571 octoginta
825 512 939 555 tres
962 503 1131 569 pedes
1153 503 1494 570 singulorum
1519 500 1781 560 laterum,
1828 498 1907 549 al·

299 568 479 627 titudo
504 590 539 626 a
555 574 854 634 cacumine,
884 572 1057 640 pedes
1076 571 1200 633 XV,
1222 587 1267 622 s.
1338 569 1581 622 Alterius
1602 567 1907 618 intervalla

202 672 215 679 ι
298 642 521 710 singula
542 658 639 710 per
661 648 897 708 quatuor
919 642 1154 706 angulos
1177 642 1364 706 pares,
1396 635 1823 696 DCCXXXVII,
1862 651 1909 689 s.-
1961 640 1993 713 -1

302 710 794 778 comprehendunt.
865 713 1064 771 Tertia
1103 711 1286 761 minor
1316 707 1536 775 quidem
1577 705 1904 772 praedictiS,

299 780 398 832 sed
421 780 596 846 multo
617 778 942 847 spectatior,
962 777 1305 846 Aethiopicis
1326 776 1620 846 lapidibus»,
1650 775 1903 842 assurgit

300 848 611 907 cchXul
650 848 885 916 pedibus
927 849 1076 910 inter
1097 848 1349 915 angulos.
1422 845 1678 912 Vestigia
1710 845 1904 895 aedifii·

301 917 586 970 cationum
622 919 779 968 nulla
811 922 1053 968 exstant.
1122 919 1305 969 Arena
1336 916 1453 967 late
1485 929 1627 981 pura
1666 913 1900 973 circum,

299 987 469 1037 lentis
501 986 881 1049 similitudine,
923 985 1105 1053 qualis
1148 989 1206 1036 in
1248 984 1446 1036 maiori
1475 987 1635 1049 parte
1655 980 1897 1034 Africae.

208 1087 214 1093 -
300 1056 702 1117 Quaestionum
724 1069 938 1106 summa
961 1060 1066 1117 est,
1104 1068 1339 1121 quanam
1360 1054 1581 1105 ratione
1600 1052 1659 1101 in
1680 1056 1899 1102 tantam

254 1184 264 1195 „
299 1123 657 1177 altitudinem
687 1123 954 1175 subvecta
983 1124 1097 1175 sint
1128 1128 1432 1187 caementa.
1501 1120 1611 1172 Alii
1645 1120 1794 1171 enim
1819 1123 1898 1170 ni·
1925 1120 1928 1121 ⁷

301 1196 389 1243 tro
413 1208 479 1244 ac
496 1194 615 1245 sale
637 1193 992 1257 adaggeratis
1015 1208 1140 1243 cum
1162 1187 1445 1243 crescente
1465 1203 1650 1255 opere,
1690 1203 1757 1240 ac
1777 1203 1898 1254 per-

300 1269 426 1312 acto
449 1259 694 1311 fluminis
723 1261 1055 1328 irrigatione
1078 1261 1297 1313 dilutis:
1340 1260 1437 1311 alii
1470 1259 1740 1312 lateribus
1764 1274 1794 1310 e
1818 1258 1899 1307 lu·

302 1338 363 1381 to
386 1328 573 1391 factis,
597 1333 652 1381 in
677 1330 925 1395 privatas
947 1329 1145 1380 domos
1166 1328 1500 1387 distributis.
1538 1329 1725 1379 Nilum
1740 1325 1897 1378 ‘enim

301 1414 408 1450 non
433 1403 631 1464 putant
648 1399 836 1463 rigare
865 1399 1147 1464 potuisse,
1187 1399 1363 1449 multo
1394 1397 1764 1450 humiliorem.
1834 1397 1897 1447 ln

268 1508 272 1511 Α
300 1468 864 1534 pyramide·maxima
885 1473 969 1518 est
986 1467 1134 1520 intus
1156 1473 1352 1534 puteus
1376 1466 1664 1533 octoginta
1685 1480 1783 1516 sex
1806 1480 1895 1517 cu-

205 1592 212 1598 ,
281 1535 568 1596 'bitot-um,
609 1533 810 1587 flumen
842 1535 942 1586 illo
973 1535 1271 1587 admissum
1309 1535 1673 1587 arbitrantur.
1743 1534 1899 1586 Men·

301 1618 485 1655 suram
511 1602 822 1655 altitudinis
843 1618 1033 1656 earum
1056 1607 1410 1672 omniumque
1425 1604 1685 1656 similium
1706 1604 1918 1670 deme-,-

214 1740 218 1743 Δ
300 1672 542 1725 bendere
565 1673 779 1725 invenit
798 1671 1004 1724 Thales
1025 1674 1294 1738 Milesius,
1328 1675 1575 1725 umbram
1600 1672 1895 1734 metiendo,

302 1757 413 1808 qua
436 1740 573 1792 hora
596 1756 698 1807 par
720 1756 840 1794 esse
864 1743 1084 1809 corpori
1106 1744 1272 1795 solet.
1327 1740 1485 1797 Haec
1504 1748 1636 1794 sunt
1657 1745 1894 1809 pyrami·

301 1811 757 1862 dum-miracula:
801 1825 1227 1878 supremumque
1257 1812 1416 1875 illud,
1455 1827 1526 1864 ne
1561 1813 1682 1878 quis
1705 1816 1892 1877 regum·

301 1891 456 1944 opus,
475 1880 706 1931 miretur
724 1880 1003 1932 minimam
1028 1895 1096 1932 ex
1119 1879 1221 1944 his,
1241 1883 1341 1933 sed
1362 1877 1820 1942 laudatissimam,
1859 1896 1895 1932 a

299 1946 571 2015 Rhodope
608 1951 970 2003 meretricula
1008 1949 1231 2002 factam.
1304 1951 1541 2015 Aesopi,
1583 1950 1892 2001 fabularum

296 2014 633 2083 philosophi,
653 2033 921 2070 conserva
937 2019 1217 2084 quondam
1241 2024 1299 2070 et
1319 2019 1737 2071 contubernalis
1757 2018 1894 2071 haec

280 2084 425 2147 fuit,
469 2087 680 2138 maiore
723 2087 990 2156 miraculo
1026 2092 1212 2140 tantas
1243 2101 1378 2153 opes
1413 2087 1729 2147 meretricio
1769 2103 1891 2140 esso

214 2172 219 2175 ¹
301 2156 644 2220 conquisitas
669 2159 916 2223 quaestu.
1633 2152 1642 2159 ’
1879 2185 1888 2189 ·

291 2227 295 2231 “
322 2250 325 2259 ·
371 2221 570 2274 xvm.
617 2223 670 2275 4.
707 2225 1099 2294 Magnificatur
1120 2230 1178 2276 et
1201 2223 1316 2276 alia
1336 2225 1507 2278 turris
1530 2239 1572 2275 a»
1585 2237 1720 2290 rege
1742 2224 1891 2276 fincta

305 2293 363 2345 in
409 2290 596 2343 insula
633 2291 816 2345 Pharo
842 2330 859 2356 ,
921 2301 1143 2358 portum
1184 2295 1471 2349 obtinente
1510 2293 1892 2356 Alexandriae,

301 2375 468 2425 quam
492 2359 804 2415 constitisse
817 2361 1148 2430 octingentis
1172 2363 1399 2415 talentis
1421 2361 1675 2420 tradunt:
1698 2374 1894 2433 magno

302 2428 508 2489 animo,
551 2444 618 2480 ne
644 2430 774 2494 quid
789 2492 796 2499 .
813 2431 1158 2494 omittamus,
1202 2431 1509 2487 Ptolemaei
1539 2433 1707 2499 regis,
1751 2431 1896 2500 quod

301 2498 358 2548 in
384 2512 450 2549 ea
471 2498 785 2564 permiserit
803 2498 1042 2552 Sostrati
1063 2499 1253 2552 Gnidii
1275 2500 1565 2554 architecti
1586 2507 1894 2553 structurae

301 2566 474 2631 ipsius
499 2581 698 2618 nomen
721 2567 968 2619 inscribi.
1040 2567 1185 2620 Usus
1207 2570 1346 2632 eius,
1380 2578 1650 2629 nocturno
1679 2575 1894 2622 navium
