2017 3034
261 132 349 205 92-
652 132 1058 189 c.·PL1N11
1118 127 1491 184 SEcuNm

298 259 304 264 ·
332 233 479 287 Lxl.
506 233 840 300 pavimenta
869 235 1039 289 credo
1069 235 1308 304 primum
1337 231 1514 294 facta,
1554 244 1699 298 quae
1720 245 1867 286 nunc

196 362 201 366 ¹
263 317 525 355 vocamus
566 305 872 368 barbarica,
932 313 1102 372 atque
1141 301 1571 371 subtegulanea,
1603 303 1664 353 in
1700 301 1872 354 ltalia
1907 341 1926 352 ,

261 372 476 438 fistucis
516 375 748 440 pavitas
770 374 879 427 hoc
919 382 1071 426 certe
1109 388 1180 426 ex
1200 372 1422 423 nomine
1460 369 1873 438 ipseintelligi

151 472 159 478 ,
261 447 470 561 Ξοιοει.
541 443 752 505 Romae
773 445 1173 512 scalpturatum
1194 442 1254 492 in
1283 440 1429 493 lovis
1454 438 1761 506 Capitolini
1780 454 1871 492 ae·

304 525 334 562 c
354 510 588 577 primum
613 511 821 564 factum
845 519 933 565 est
969 517 1098 580 post
1117 510 1341 563 tertium
1360 508 1628 560 Punicum
1651 508 1872 560 bellun
1899 530 1908 535 ·

260 579 479 643 initum.
549 579 928 648 Frequentata
960 595 1094 633 vero
1125 579 1445 645 pavimenta
1480 583 1610 629 ante
1632 577 1871 629 Cimbri·

262 663 385 767 cium
412 660 613 716 magna
636 651 829 716 gratia·
843 651 1173 711 animorum,
1192 646 1405 699 indicio
1431 651 1519 699 est
1534 645 1870 701 Lucilianus

259 719 280 766 i
306 717 358 769 le
394 732 588 769 versus
614 734 628 768 =
1025 740 1028 749 ·
1085 718 1096 726 ⁴
1201 716 1210 719 “
1861 722 1872 728 “

376 784 543 850 Arte,
573 785 883 854 pavimento
906 795 1070 855 atque
1092 783 1401 838 emblemate
1422 781 1802 837 vermiculato.

328 853 501 908 LXII.
534 854 828 909 subdialia
859 853 1063 907 Graeci
1090 855 1377 915 invenere,
1415 851 1623 905 talibus
1668 851 1869 904 domos

260 930 624 988 contegentes
655 928 839 976 tractu
872 928 1123 987 tepente:
1168 921 1269 975 sed
1307 914 1513 982 fallax,
1550 920 1871 987 ubicunque

257 993 465 1043 imbres
507 992 714 1059 gelant.
805 986 1195 1044 Necessarium
1221 990 1393 1042 “binas
1434 1001 1536 1056 per
1575 989 1868 1042 diversum

259 1060 645 1112 coassationes
667 1061 964 1132 substerni,
986 1061 1172 1126 capita
1191 1074 1383 1111 earum
1405 1059 1638 1124 praefigi
1662 1073 1740 1110 ne
1755 1064 1869 1111 tor·
1893 1060 1903 1069 “

258 1133 549 1194 queantur,
570 1135 627 1180 et
645 1128 837 1181 ruderi
855 1143 1001 1180 novo
1023 1129 1245 1181 tertiam
1269 1134 1483 1194 partem
1503 1133 1687 1179 testae
1701 1133 1867 1180 tusae

261 1195 420 1250 addit
483 1197 681 1253 deinde
698 1197 889 1260 rudus,
931 1198 992 1249 in
1014 1213 1121 1264 quo
1146 1197 1288 1265 duae
1311 1197 1539 1264 quintae
1561 1196 1734 1248 calcis
1760 1195 1863 1247 mi·

253 1265 730 1334 sceantur,pedali
751 1266 1127 1320 crassitudine
1147 1265 1412 1318 fistucari.
1482 1266 1641 1317 Tunc
1662 1265 1866 1317 nucleo

259 1348 448 1387 crasso
469 1349 568 1387 sex
593 1335 800 1403 digitos
829 1334 1036 1399 induci,
1076 1341 1134 1388 et
1164 1350 1235 1388 ex
1262 1341 1484 1388 tessera
1513 1334 1721 1403 grandi
1748 1348 1868 1388 non

256 1405 438 1454 minus
460 1403 576 1456 alta
604 1405 744 1455 duos
765 1404 980 1473 digitos
1008 1406 1166 1456 strui.
1235 1403 1548 1472 Fastigium
1583 1418 1719 1455 vero
1752 1418 1869 1455 ser·

257 1472 381 1527 vari
401 1472 652 1543 insspedes
676 1471 849 1525 denos
870 1473 1235 1541 se'squuncem
1259 1507 1277 1535 ,
1320 1487 1387 1524 ac
1408 1472 1714 1538 diligenter
1736 1479 1867 1524 cote

257 1537 615 1607 despumare,
656 1543 988 1609 quernisque
1029 1542 1228 1594 axibus
1252 1538 1630 1594 contabulare.
1702 1543 1888 1604 Quas·

254 1614 609 1677 torquentur,
648 1609 871 1674 inutilia
891 1616 1110 1677 putant:
1147 1612 1319 1663 immo
1343 1616 1401 1680 et
1420 1610 1622 1665 filicem
1648 1616 1749 1661 aut
1771 1625 1867 1676 pa·

197 1726 201 1735 ,
234 1675 401 1738 ΔΙθειιιι
424 1677 706 1733 substerni
725 1679 922 1731 melius
943 1696 1084 1744 esse,
1108 1694 1217 1747 quo
1240 1681 1421 1731 minor
1440 1682 1523 1731 vis
1548 1677 1720 1730 calcis
1742 1694 1866 1745 per·

254 1747 464 1797 veniat.
532 1745 919 1800 Necessarium
943 1755 1017 1807 ,et
1040 1750 1335 1816 globosum
1374 1746 1617 1816 lapidem
1637 1748 1863 1802 subiici.
1899 1801 1905 1805 ,

253 1811 524 1867 Similiter
542 1815 684 1869 liunt
704 1817 918 1884 spicata
940 1822 1208 1871 testacea.

321 1881 522 1937 Lxm.
563 1885 689 1938 Non
709 1887 1101 1956 negligendum
1139 1893 1227 1940 est
1249 1886 1553 1940 etiamnum
1572 1900 1746 1938 unum
1766 1901 1864 1955 ge·

251 1966 359 2004 nus
392 1951 735 2008 Graecanici.
807 1955 943 2009 Solo
978 1958 1241 2008 fistucato
1273 1955 1527 2008 iniicitur
1554 1956 1730 2011 rudus
1767 1961 1869 2007 aut
1926 2000 1930 2005 .

252 2027 556 2079 testaceum
589 2024 994 2090 pavimentumz
1035 2026 1160 2076 dein
1190 2025 1369 2091 spisse
1406 2024 1638 2076 calcatis
1668 2025 1868 2077 carbo·

186 2117 208 2133 κ
250 2090 415 2142 nibus
435 2092 736 2156 inducitur,
756 2093 975 2157 sabam,
1001 2094 1172 2159 calce,
1191 2109 1258 2146 ac
1275 2090 1474 2146 favilla
1493 2092 1717 2147 mixtim
1740 2109 1861 2146 ma-

249 2163 398 2216 teria
417 2161 787 2214 crassitudine
810 2162 1140 2230 semipedali
1161 2163 1233 2214 ad
1254 2162 1506 2230 regulam
1530 2160 1867 2215 etlihellam

251 2229 514 2296 exigitur,
537 2234 597 2281 et
616 2235 702 2281 est
722 2229 906 2285 ferma
924 2236 1165 2284 tei-rena.
1239 2230 1299 2283 Si
1320 2245 1455 2283 vero
1489 2236 1615 2284 eote
1638 2230 1860 2300 depoli-
1903 2238 1926 2251 “

250 2303 370 2347 tum
395 2303 496 2359 est,
531 2297 679 2363 nigri
701 2300 1004 2366 pavimenti
1022 2301 1199 2351 visum
1224 2300 1456 2353 obtinet.
1570 2340 1576 2348 ,

320 2363 516 2418 LXIV.
564 2365 920 2421 Lithostrota
959 2374 1326 2434 acceptavere
1363 2368 1475 2419 iam
1515 2369 1617 2420 sub
1662 2368 1827 2422 Sulla
1846 2389 1863 2421 ι

248 2433 498 2500 parvulis
518 2440 667 2488 certe
691 2438 894 2488 crustis
920 2444 1107 2489 exstat
1127 2436 1405 2503 hodieque
1419 2471 1436 2500 ,
1481 2437 1627 2505 quod
1647 2437 1707 2489 in
1728 2438 1866 2492 For·

238 2507 419 2560 'tunae
441 2502 675 2556 delubro
696 2501 1000 2558 Praeneste
1024 2506 1174 2558 fecit.
1246 2502 1415 2572 Pulsa
1436 2504 1637 2560 deinde
1662 2522 1736 2561 ex
1759 2506 1866 2560 hu·

251 2583 344 2650 tao
369 2572 689 2638 pavimenta
717 2572 777 2623 in
809 2587 1055 2627 cameras
1085 2576 1375 2636 transiere,
1418 2591 1450 2628 e
1487 2577 1665 2628 vitro:
1689 2574 1864 2642 ,noi-i·

251 2644 395 2693 tium
429 2647 486 2694 et
519 2639 627 2697 hoc
657 2640 964 2699 inventum.
1032 2642 1288 2718 Agrippa!
1318 2649 1472 2702 certe
1502 2645 1561 2699 in
1598 2640 1864 2701 Thermis
