2017 3034
235 162 544 219 NATUR.
594 165 816 221 ms'r.
855 167 1020 222 LlB.
1062 168 1339 223 xxxvn.
1379 170 1513 226 4·6.
1586 173 1659 224 99

47 268 242 327 donec
263 267 561 335 Pompeius
574 271 817 341 'Magnus
840 288 960 324 eam
985 280 1128 338 quae
1147 271 1484 334 Mithridatis
1506 277 1657 341 regis

42 338 267 399 fuerat,
309 338 459 390 inter
478 340 620 392 (luna
641 342 696 392 in
721 342 1003 408 Capitolio
1027 342 1253 402 dicaret,
1297 349 1359 390 ut
1379 342 1454 391 M.
1478 343 1655 394 Varro

45 407 272 473 aliique
311 408 557 461 eiusdem
595 416 794 461 aetatis
833 404 1470 470 auctores-honfirmant‚
1512 412 1653 462 mul-

43 482 168 528 tum
190 477 510 543 praelatam
535 478 747 530 Scauri.
818 479 945 529 Hoc
974 478 1227 543 exemplu
1253 481 1459 530 Caesar
1481 478 1654 529 dieta-

39 551 134 596 tor
175 559 286 595 sex
327 545 771 617 dactyliothecas
809 548 865 599 in
910 547 1048 598 aede
1074 549 1302 600 Veneris
1346 548 1659 598 Genetricis

44 617 440 665 consecravit:
497 616 802 669 Marcellus
821 616 1059 669 Octavia
1080 617 1299 682 genitus
1318 617 1377 668 in
1399 616 1659 668 Palatina

41 682 334 749 Apollinis
357 682 499 734 cella
529 701 716 737 unam.
1194 738 1199 743 ,

109 751 220 803 Vl.
259 750 519 804 Victoria
539 760 724 806 tamen
748 753 852 805 illa
870 752 1123 819 Pompeii
1158 754 1397 820 primum
1421 752 1494 806 ad
1517 768 1659 809 mare

40 821 272 891 gai-itas
311 836 666 892 gemmasque
700 838 885 874 mores
916 823 1236 874 inclinavit=
1278 827 1421 875 sicut
1454 824 1518 874 1,.
1543 822 1658 874 Sci·

8 888 260 975 yvonis,
304 896 362 941 et
387 893 482 942 Cn.
509 891 706 943 Manlii
729 892 798 944 ad
824 892 1098 944 caelatum
1121 900 1430 960 argentum,
1486 899 1551 951 et
1565 908 1658 944 ve·

36 962 165 1010 aba
187 959 492 1021 Attalicas,
533 967 589 1012 et
623 961 871 1012 triclinia
890 968 1107 1014 aerata:
1146 963 1378 1013 sicut‘L.
1398 962 1656 1012 Mummii

41 1026 117 1078 ad
138 1025 441 1079 Corinthia
460 1034 518 1080 et
536 1026 754 1082 tabulas
781 1031 971 1097 pictas.
1031 1031 1089 1082 ld
1111 1032 1194 1081 uti
1219 1031 1433 1097 planius
1458 1045 1651 1083 nosca-

39 1103 157 1157 tur,
197 1097 373 1151 verba
393 1112 461 1148 ex
480 1098 613 1164 ipsis
640 1098 888 1165 Pompeii
922 1098 1327 1166 triumphorum
1353 1101 1497 1151 actis
1520 1095 1649 1151 sub·

38 1165 262 1217 ihiam.
302 1165 453 1232 Ergo
473 1167 644 1219 tertio
670 1166 968 1235 triumpho,
991 1183 1148 1233 quem
1174 1169 1242 1219 de
1266 1170 1479 1235 piratis,
1502 1168 1651 1228 Asia,

39 1233 258 1297 Bouto,
301 1236 664 1304 gentibusque
686 1243 741 1288 et
760 1237 986 1303 regibus
1006 1237 1064 1286 in
1087 1237 1324 1302 septimo
1349 1237 1531 1303 operis
1558 1236 1653 1286 hu-

40 1303 137 1369 ius
163 1303 446 1355 volumine
467 1306 745 1366 indicatis,
784 1305 862 1355 M.
910 1303 1124 1365 Pisone,
1164 1305 1241 1354 Μ.
1265 1304 1511 1354 Messala
1530 1319 1654 1353 con·

43 1370 293 1434 sulib-s,
335 1373 514 1443 pridie
546 1373 783 1426 Kalend.
820 1372 1017 1424 octob.
1048 1373 1138 1423 die
1177 1372 1379 1423 natalis
1410 1373 1497 1423 sui
1522 1374 1654 1440 egit,

44 1441 349 1493 transtulit
383 1442 593 1493 alveum
627 1458 749 1494 cum
776 1444 1009 1495 tesseris
1046 1441 1316 1492 lusorium
1350 1459 1381 1494 e
1418 1441 1653 1509 gemmis

44 1509 273 1570 duabus
315 1510 487 1561 latum
531 1512 697 1577 pedes
739 1518 871 1573 tres,
910 1510 1136 1577 longum
1179 1509 1345 1576 pedes
1380 1517 1650 1578 quatuor=

44 1582 127 1640 (et
148 1594 227 1631 ne
245 1581 369 1644 quis
391 1580 458 1631 de
480 1595 546 1630 ea
569 1595 629 1631 re
647 1580 883 1641 dubitet,
907 1579 1061 1628 nulla
1085 1594 1421 1646 gemmarum
1448 1582 1654 1646 magni·

10 1700 11 1703 ,
42 1647 254 1699 tudine
280 1647 450 1699 hodie
471 1664 640 1715 prope
662 1651 732 1700 ad
766 1644 903 1700 hanc
932 1648 1357 1713 amplitudinem
1382 1649 1648 1701 acceden-

41 1722 127 1779 te,
170 1719 233 1767 in
257 1731 328 1767 ea
344 1716 453 1767 fuit
476 1717 631 1769 Luna
653 1733 823 1770 aurea
853 1716 1038 1783 pondo
1073 1717 1257 1780 XXX)
1281 1717 1454 1769 lectos
1476 1717 1652 1769 tricli-

39 1787 234 1839 niares
257 1791 406 1837 tres:
445 1801 578 1838 vasa
598 1802 667 1837 ex
698 1800 832 1837 auro
872 1794 931 1837 et
970 1788 1203 1854 gemmis
1225 1787 1519 1838 abacorum
1545 1801 1643 1836 no·

10 1868 13 1873 ²
38 1868 162 1906 vem
180 1872 197 1906 ε
238 1857 400 1921 sign-a
421 1869 592 1906 aurea
613 1856 739 1918 tria,
784 1855 1087 1918 Minervae,
1125 1856 1328 1906 Martis
1351 1862 1408 1907 et
1428 1855 1643 1920 Apolli·
1725 1912 1728 1915 ,

36 1924 152 1974 tis:
197 1938 442 1975 coronas
483 1939 557 1976 ex·
588 1924 903 1992 margaritis
936 1926 1175 1990 triginta
1215 1929 1363 1975 tres:
1401 1930 1643 1973 montem

10 2012 13 2041 2
34 2005 279 2043 aureum
305 1991 636 2058 quadratum
662 2009 782 2044 cum
805 1992 980 2044 cervis
1004 1999 1062 2044 et
1083 1992 1364 2050 leonibus,
1388 1998 1443 2040 et
1465 1993 1644 2056 pomis

37 2062 225 2111 omnis
262 2061 524 2126 generis,
561 2061 896 2119 eircmndata
917 2063 1029 2112 vite
1063 2068 1260 2111 aurea:
1298 2059 1550 2110 Museum
1575 2068 1643 2106 ex

34 2131 392 2196 margaritis,
415 2130 470 2180 in
496 2130 649 2181 cuius
673 2129 898 2196 fastigio
919 2126 1270 2194 horologium
1297 2136 1433 2177 erat.
1509 2126 1646 2175 lma·

32 2213 105 2264 go
128 2200 237 2249 Cn.
261 2197 519 2264 Pompeii
541 2214 571 2250 e
595 2200 933 2266 margaritis,
990 2197 1090 2248 illa
1112 2196 1265 2262 regio
1290 2193 1498 2246 honore
1519 2208 1641 2260 gra-

30 2273 105 2328 ta,
147 2267 318 2318 illius
351 2268 512 2332 probi
547 2267 660 2318 oris
694 2265 1101 2333 venerandique
1137 2278 1235 2331 per
1265 2270 1491 2314 cunctas
1514 2279 1642 2330 gen-

30 2342 137 2397 tes,
190 2336 320 2395 illa,
344 2336 589 2401 inquam,
613 2350 682 2387 ex
704 2333 1040 2401 margaritis,
1062 2333 1362 2383 severitate
1384 2334 1541 2387 victa.
1583 2339 1640 2384 et

29 2405 265 2456 veriore
299 2404 555 2455 luxuriae
585 2404 890 2471 triumpho.
960 2400 1222 2455 Profecto
1256 2402 1401 2452 inter
1443 2401 1642 2452 molles

29 2473 199 2525 viro-
222 2474 490 2525 durasset
523 2488 825 2541 cognomen
856 2470 1066 2536 Magni,
1108 2472 1156 2521 si
1194 2471 1371 2537 prima
1406 2471 1646 2521 victoria

12 2543 113 2599 ¹sie
132 2541 566 2609 triumphasses.
639 2544 686 2593 E
709 2539 1043 2607 margaritis,
1065 2540 1288 2607 Magne,
1322 2545 1435 2590 tam
1462 2537 1644 2604 prodi·

31 2623 104 2675 ga
132 2626 219 2671 re,
244 2619 306 2663 et
327 2611 551 2664 feminis
571 2617 814 2677 roperta,
839 2623 998 2676 quam
1021 2623 1214 2676 gerere
1234 2614 1288 2659 te
1312 2608 1398 2658 fas
1422 2622 1528 2656 non
1553 2605 1645 2665 sit,

29 2676 163 2733 ltine
186 2681 320 2734 fleri
340 2689 466 2734 tuos
485 2681 676 2732 vultus
693 2679 715 2730 ’ἔ
735 2680 818 2733 sic
841 2685 898 2731 te
920 2679 1233 2794 pretiosum}
1244 2672 1458 2791 rizderi‘l
1493 2672 1641 2723 Non·
