2017 3034
207 168 531 230 iva-run:
561 170 784 226 111sT.
825 171 990 228 Lm.
1030 173 1310 231 xxxvn.
1350 163 1547 235 55T56.
1620 177 1724 236 131

114 276 407 346 iuglandis
433 277 835 344 magnitudine,
874 277 1061 330 vitrea
1093 280 1293 345 specie.
1350 282 1721 350 Baroptenus,

116 350 244 400 sive
266 346 518 412 barippe,
549 347 730 415 nigra,
768 349 1087 414 sanguineis
1112 356 1169 401 et
1192 350 1344 400 albis
1357 351 1517 403 nodis
1534 371 1549 402 ε
1579 355 1723 405 'aliis

119 428 288 468 sacra
307 414 513 467 dicitur
533 450 549 478 ,
589 416 744 468 velut
773 423 1121 481 portentosa.
1190 418 1480 485 Botryites
1513 421 1625 473 alia
1645 422 1726 473 ni·

115 499 227 552 gra
250 490 354 547 est,
396 483 508 536 alia
529 485 719 551 pinea,
755 485 1045 551 incipienti
1070 502 1208 539 urae
1229 486 1445 540 similis.
1518 489 1724 543 Zoroa-

119 560 271 606 stres
295 554 538 605 crinibus
561 553 849 604 mulierum
870 555 1193 608 similiorem
1217 555 1616 623 Bostrych‘iten
1631 573 1724 609 vo·

120 629 231 674 cat.
305 623 588 674 Bucardia
607 622 815 675 bubulo
837 624 994 674 cordi
1014 626 1211 691 similis
1234 658 1251 687 ,
1288 626 1583 694 Babylone
1604 632 1724 677 tan·

118 697 242 743 tum
268 690 534 743 nascitur.
603 692 816 744 Bronte
857 708 888 745 e
921 695 1195 760 capitibus
1217 696 1557 747 testudinum
1581 695 1725 747 toni-

118 763 304 812 tribus
325 761 533 812 cadite‘
569 768 879 828 putantque
902 777 968 822 ea
988 763 1259 831 restingui
1280 762 1512 817 fulmine
1535 765 1726 827 ictum,

120 831 171 949 ¹si
192 829 492 948 οιὲοάἰιηᾳε.
562 831 741 893 Boloe
762 829 946 882 nimbo
966 833 1336 897 inveniuntur,
1361 834 1559 901 glebae
1580 833 1726 885 simi·

148 900 229 950 itu
273 899 382 950 ine.

193 967 342 1020 LVI.
390 965 655 1017 cadmitis
679 967 872 1020 eadem
898 974 1070 1030 esset,
1108 985 1272 1036 quam
1298 970 1606 1022 Ostracitin
1627 984 1725 1025 vo·

122 1042 293 1087 cant:
336 1036 449 1086 nisi
489 1035 636 1102 quod
667 1033 809 1088 hanc
846 1039 1137 1090 caeruleae
1177 1040 1458 1092 interdum
1501 1042 1729 1106 cingunt

124 1104 334 1157 bullae.
406 1103 614 1156 Callais
650 1104 969 1171 sapphirum
1014 1108 1281 1172 imitatur,
1322 1108 1628 1170 candidior,
1672 1114 1730 1161 et

124 1174 367 1239 litoroso
389 1173 535 1225 mari
572 1173 788 1226 similis.
863 1177 1110 1241 Capnitis
1156 1177 1477 1243 quibusdam
1507 1178 1729 1230 videtur

126 1258 290 1295 suum
313 1257 489 1311 genus
510 1239 712 1295 habere
733 1279 749 1307 ,
789 1244 1044 1310 plurimis
1065 1246 1231 1311 spiris
1252 1247 1464 1298 fumida
1484 1280 1501 1307 ,
1540 1253 1603 1297 ut
1626 1259 1730 1296 suo

46 1338 53 1343 ·
124 1313 253 1369 Loco
274 1312 534 1363 diximus.
588 1313 961 1379 cappadocia
979 1314 1036 1364 in
1053 1313 1299 1381 Phrygia
1321 1315 1581 1376 nascitur,
1602 1313 1729 1365 ebo·

124 1382 173 1434 ri
196 1381 422 1434 similis.
494 1379 773 1435 Callainas
792 1388 995 1433 vocant
1015 1398 1046 1434 e
1067 1383 1295 1437 turbido
1320 1383 1580 1434 callaino.
1620 1380 1727 1432 Fe-

125 1458 258 1506 runt
298 1451 493 1519 plures
533 1450 700 1503 simul
740 1453 980 1503 inveniri
1015 1452 1350 1503 coniunctas.
1425 1450 1728 1502 Catochitis

127 1522 395 1574 Corsicae
418 1520 562 1585 lapis
584 1526 689 1584 est,
726 1522 929 1573 ceteris
954 1522 1132 1572 maior
1159 1537 1173 1571 ε
1216 1520 1507 1582 mirabilis,
1528 1520 1576 1570 si
1595 1533 1729 1572 vera

122 1589 445 1651 traduntur,
461 1589 777 1655 impositam
800 1605 1020 1642 manum
1044 1585 1222 1643 veluti
1237 1590 1446 1658 gummi
1467 1590 1731 1641 retinens.

125 1658 491 1727 Catopyritis
518 1659 575 1711 in
608 1658 958 1725 Cappadocia
998 1661 1273 1725 provenit.
1339 1659 1567 1726 cepitis,
1607 1659 1725 1709 sive

123 1728 470 1795 cepolatitis,
512 1728 744 1779 candida
768 1734 871 1789 est,
913 1742 1175 1781 venarum
1200 1728 1360 1780 nodis
1382 1727 1727 1789 coeuntibus,

123 1796 375 1850 candore
398 1796 697 1862 imaginem
720 1812 1004 1864 regei-ens.
1067 1800 1390 1857 Ceramites,
1426 1802 1609 1849 testae
1632 1810 1725 1846 co·

122 1867 304 1919 larem
330 1865 518 1917 habet.
595 1867 893 1919 Cinaediae
919 1866 1277 1918 inveniuntur
1306 1865 1366 1914 in
1397 1866 1625 1918 cerebro
1648 1866 1728 1931 pi-

120 1940 233 1988 ncis
253 1934 501 1988 eiusdem
522 1935 776 1998 nominis,
815 1935 1089 1988 candidae
1109 1941 1166 1986 et
1186 1934 1479 1999 oblongae,
1500 1940 1724 1985 eventu-

123 2021 236 2073 que
258 2004 566 2067 mirandae,
606 2005 844 2059 simodo
867 2011 953 2058 est
976 2004 1134 2065 fides,
1176 2003 1498 2069 praesagire
1522 2016 1615 2053 eas
1635 2001 1731 2053 ha·

121 2075 307 2127 bitum
330 2073 505 2125 maris
522 2106 539 2134 ‚
583 2074 773 2126 nubilo
796 2075 987 2126 colore
1015 2077 1111 2123 aut
1131 2069 1560 2137 tranquillitate.
1631 2071 1732 2121 Ce-

122 2146 251 2196 ritis
277 2157 447 2196 cerae
486 2143 685 2196 similis
726 2149 838 2196 est:
882 2145 1070 2207 circos
1092 2138 1383 2204 accipitrix
1429 2139 1728 2190 corsoides

66 2266 81 2272 ,
123 2213 365 2266 canitiei
377 2211 651 2266 hominist
685 2208 1134 2264 Coralloachates
1160 2207 1585 2261 corallo-aureis
1607 2216 1730 2276 gut·

121 2284 199 2335 tis
220 2283 543 2335 distinctae.
614 2282 852 2334 Corallis
878 2279 1051 2330 minio
1073 2277 1270 2329 similis
1295 2279 1551 2346 gignitur*
1567 2280 1623 2330 in
1645 2281 1728 2331 ln»

124 2353 302 2406 diuet
324 2351 526 2418 Syene.
587 2352 890 2404 Craterites
925 2348 1078 2398 inter
1108 2345 1515 2414 chrysolithum
1543 2355 1600 2400 et
1621 2350 1729 2400 ele·

124 2422 310 2476 ctruin
332 2421 576 2472 colorem
598 2419 783 2482 habet,
811 2417 1121 2487 praedurae
1141 2423 1393 2468 naturae.
1460 2419 1729 2470 Crocallis
1802 2477 1808 2487 ι

126 2504 386 2544 cerasum
406 2495 804 2556 repraesentat.
893 2488 936 2538 C
1006 2488 1054 2537 is
1074 2486 1224 2539 circa
1246 2488 1460 2552 Copton
1483 2487 1729 2538 nascitur

126 2560 405 2621 madida,
448 2564 504 2611 et
523 2559 743 2612 videtur
759 2559 911 2610 intus
969 2557 1135 2608 abere
1157 2563 1403 2622 petram,
1445 2570 1584 2622 quae
1606 2571 1729 2606 sen-

124 2631 307 2683 tiatur
326 2631 492 2682 etiam
517 2630 773 2695 strepitu.
842 2624 1256 2691 chalcophonos
1277 2625 1438 2691 nigra
1471 2629 1558 2674 est
1577 2658 1593 2682 ‚
1631 2621 1729 2671 sed

125 2699 286 2753 illisa
330 2698 479 2752 aeris
498 2699 764 2751 tinnitum
783 2694 973 2749 reddit
1031 2694 1336 2812 tragoeldig,
1374 2697 1437 2741 ut
1477 2689 1728 2747 suadent,

1625 2852 1652 2868 S
