2017 3034
208 144 513 204 NATUR.
551 145 774 208 HIST.
822 147 981 221 LIB.
1001 137 1285 204 xxxvn.
1320 148 1519 204 26-29.
1595 147 1698 206 llo

98 256 156 302 et
175 247 239 302 in
250 248 487 321 Liguria
505 252 662 305 nasci
680 251 1050 316 tradiderunt,
1061 252 1169 304 nisi
1192 251 1337 304 forte
1356 257 1489 315 tunc
1508 252 1700 304 nasce-

66 310 74 319 ’
97 318 321 373 bantur.
393 322 533 374 Esse
555 322 610 373 in
631 322 703 374 iis
726 327 784 374 et
802 325 1156 389 praecinctae
1179 320 1414 381 candida
1431 336 1572 374 vena
1589 327 1700 372 tra·
1788 338 1796 347 ²

102 384 314 440 duntur
331 409 347 442 a
384 390 582 443 haru'm
605 392 803 458 igneus
826 393 997 453 color,
1021 397 1084 442 ut
1104 390 1453 456 superiorum
1478 395 1583 441 esti
1607 403 1700 455 pe·

104 455 318 510 culiare
340 460 559 524 quidem
583 495 600 522 ,
639 458 781 526 quod
805 460 1047 512 iactatae
1068 461 1331 525 inignem
1352 459 1508 510 velut
1526 459 1698 527 inter·

105 534 362 644 giortuae
384 528 837 619 exstinguuntur,
878 534 1073 581 contra
1093 529 1248 594 aquis
1268 526 1526 594 perfusae
1550 524 1705 578 exar-

149 602 356 648 escant.
1154 617 1170 632 2
1269 626 1274 634 ·
1593 608 1602 613 ·

178 662 429 717 XXVIII.
468 667 715 733 Cognata
737 671 825 735 est
839 664 968 717 huic
989 664 1330 718 sandaresus
1351 699 1368 729 ,
1410 677 1573 733 quam
1600 661 1703 716 ali·

108 731 210 801 qui
252 732 670 791 Garamantiten
715 740 942 786 vocant:
981 735 1232 786 nascitur
1269 737 1325 784 in
1363 732 1538 794 India,
1578 732 1705 785 loco

112 800 367 855 eiusdem
387 804 643 855 nominis.
665 803 926 871 Gignitur
946 808 1003 855 et
1024 804 1079 855 in
1099 802 1304 855 Arabia
1323 801 1393 852 ad
1415 799 1707 855 meridiem

110 884 289 922 versa.
361 870 783 925 Commendatio
812 887 1028 924 summa
1047 908 1063 935 ,
1108 870 1258 938 quod
1280 870 1433 936 velut
1451 871 1510 921 in
1530 875 1710 921 trans·-

56 993 71 1002 ,
108 938 294 991 lucido
332 939 477 1007 ignis
518 943 803 1005 obtentus,
819 934 1198 1008 'celantesque
1238 955 1300 993 se
1335 938 1711 1007 transfulgent

110 1021 315 1061 aureae
337 1014 545 1077 guttae,
582 1025 801 1076 semper
819 1011 880 1062 in
901 1024 1153 1076 corpore,
1180 1022 1459 1076 nunquam
1480 1010 1535 1060 in
1561 1011 1709 1059 cute.

8 1096 13 1103 ·
110 1076 349 1130 Accedit
384 1078 588 1147 religio
622 1084 867 1142 narrata,
908 1095 942 1131 a
969 1077 1595 1145 siderum‘cognatione,
1635 1076 1707 1130 ab

110 1145 525 1212 inspectoribus
547 1182 562 1209 ,
604 1148 866 1216 quoniam
897 1148 1017 1200 fere
1048 1148 1333 1199 stellarum
1361 1145 1626 1213 Hyadum
1649 1148 1708 1197 et

8 1232 9 1235 ¹
65 1210 77 1217 ’
110 1229 348 1268 numero
392 1223 450 1268 et
492 1216 861 1283 dispositione
884 1217 1200 1278 stellantur,
1243 1216 1314 1266 ob
1333 1215 1390 1265 id
1414 1212 1710 1266 Chaldaeis

109 1284 170 1333 in
194 1285 547 1336 caerimoniis
566 1277 808 1339 habitae.
899 1286 974 1337 Et
995 1284 1086 1335 hio
1107 1299 1286 1335 mares
1310 1283 1608 1334 austeritas
1627 1279 1710 1331 di»

111 1353 371 1419 stinguit‚
413 1354 650 1420 quodam
670 1356 863 1422 vigore
896 1353 1156 1421 apposita
1177 1351 1416 1418 tingens.
1483 1347 1710 1400 Indicae

111 1421 334 1487 quidem
368 1424 543 1475 etiam
588 1424 854 1481 hebetare
895 1424 1045 1474 visus
1088 1421 1366 1473 dicuntur.
1435 1416 1712 1470 Blandior

107 1489 333 1542 feminis
351 1490 598 1544 flamma:
666 1493 918 1546 alliciens
941 1491 1119 1559 magis
1140 1525 1157 1552 ‚
1183 1503 1363 1556 rquam
1387 1487 1711 1540 accendens-

6 1566 9 1621 ,ἶ
108 1557 255 1610 Sunt
299 1563 391 1626 qui
430 1561 757 1627 praeferant
785 1563 1058 1625 ,Arabicas
1099 1558 1346 1621 Indicis,
1386 1556 1710 1622 fumidoqua

108 1626 462 1695 chrysolitho
491 1631 619 1682 illas
652 1630 865 1682 similes
895 1629 1098 1680 dicant.
1168 1627 1435 1679 Ismenias
1466 1639 1601 1680 vero
1622 1638 1715 1674 ne-

109 1702 210 1763 gat
252 1697 423 1764 poliri
461 1700 817 1760 sandaresom
857 1703 1086 1764 propter
1123 1697 1501 1749 teneritatemz
1543 1700 1601 1746 et
1640 1692 1711 1744 ob

109 1764 167 1816 id
188 1765 248 1819 in
271 1779 477 1832 magno
497 1781 690 1820 errore
712 1773 858 1828 sunt,
896 1769 989 1845 qpi
1010 1765 1335 1818 sandaricas
1355 1768 1573 1819 vocent.
1629 1761 1713 1813 In·

107 1839 200 1885 ter
221 1849 418 1887 omnes
438 1840 675 1901 constat,
713 1840 969 1902 quantum
991 1848 1223 1889 numero
1247 1834 1536 1885 stellarum
1561 1844 1714 1882 acce-

110 1902 236 1963 dat,
278 1908 496 1954 tantum
517 1910 573 1954 et
591 1907 774 1967 pretio
796 1901 1077 1956 accedere.
1146 1902 1324 1957 Affcrt
1344 1914 1586 1952 errorem
1612 1897 1716 1948 ali·-

111 1971 335 2036 quando
376 1970 687 2024 similitudo
722 1970 984 2032 nominiS,
1030 1968 1306 2030 sandasel,
1345 1967 1490 2034 quod
1512 1966 1712 2016 Nican-

112 2040 231 2097 der,
256 2039 632 2093 sandareseon
672 2047 867 2105 vocat,
910 2040 1010 2092 alii
1051 2038 1404 2090 sandareson.
1474 2032 1712 2095 Quidam

109 2122 244 2160 vero
267 2104 411 2160 hanc
442 2109 774 2162 sandastron
799 2143 818 2171 ,
854 2107 1432 2159 illam0sandaresum:
1473 2103 1531 2151 in
1554 2101 1718 2154 India

109 2182 434 2230 nascentem
474 2177 630 2231 illam
655 2192 893 2246 quoque,
935 2182 992 2229 et
1028 2175 1141 2227 loci
1161 2186 1363 2225 nomen
1406 2168 1714 2223 custodien-

6 2282 9 2301 μ
107 2250 226 2298 tem
253 2260 268 2293 ε
322 2244 458 2299 mali
479 2246 691 2313 colore,
729 2252 829 2300 aut
850 2246 962 2300 olei
982 2243 1196 2307 viridis,
1232 2239 1488 2294 omnibus
1510 2240 1714 2309 impro-

107 2314 321 2366 batam.

180 2380 390 2435 XXIX.
426 2383 515 2435 Ex
546 2384 745 2435 eodem
778 2399 987 2450 genere
1014 2380 1344 2442 ardentium,
1378 2375 1603 2446 'lychnis
1623 2391 1716 2442 ap-

112 2450 332 2516 pellata
378 2463 415 2502 a
452 2450 802 2503 lucernarum
846 2464 1078 2507 accensu
1102 2485 1119 2511 ,
1151 2455 1338 2499 tamen
1383 2446 1716 2513 praecipuae

114 2522 361 2586 gratiae.
431 2518 699 2574 Nascitur
720 2521 867 2573 circa
886 2517 1202 2572 Orthosiam
1226 2550 1243 2580 ,
1282 2510 1515 2591 tptaque
1535 2514 1715 2572 Caria,

118 2602 184 2640 ac
223 2585 426 2645 ,vicinis
464 2588 632 2640 locis:
673 2587 774 2642 sed
815 2587 1210 2656 probatissima
1247 2585 1321 2655 inx
1347 2580 1712 2660 Indis,'quam

118 2655 350 2722 quidam
399 2657 776 2711 remissiorem
827 2655 1223 2709 carbunculum
1279 2666 1402 2713 esse
1442 2648 1716 2709 dixerunt.
