2017 3034
254 150 326 204 28
569 156 581 165 ’
631 122 713 202 ’0.
763 146 1039 202 Pmml
1094 93 1463 224 succum

323 248 417 306 23.
459 253 873 307 Annumeratur
908 251 996 303 his
1033 255 1091 305 et
1132 244 1483 317 Nicophanes
1523 250 1749 320 elegans
1787 259 1848 305 et

259 322 580 385 concinnus,
617 322 704 374 ita
737 326 801 372 ut
841 326 1132 372 venustate
1171 320 1225 372 ei
1253 320 1417 386 pauci
1439 322 1844 389 comparentur.

259 389 571 443 Cothurnus
615 391 671 442 ei
709 395 766 444 et
787 390 1032 457 gravitas
1054 389 1212 440 artis.
1283 390 1523 441 Multum
1544 405 1580 442 a
1596 390 1847 443 zeuxide

257 464 315 510 et
333 459 527 525 Apelle
550 459 709 512 abest
726 458 938 525 Apellis
959 457 1263 523 discipulus
1282 457 1517 511 Perseus
1534 492 1551 521 ,
1589 458 1660 510 ad
1680 473 1843 527 quem

257 528 326 579 de
347 525 451 578 hac
472 533 594 579 arte
615 527 854 593 scripsit.
925 527 1109 578 Huius
1130 525 1319 579 fuerat
1354 527 1555 579 aetatis
1575 527 1845 580 Aristides
1871 536 1884 540 ’

257 595 510 649 Thebani
536 596 873 663 discipulus.·
889 594 1138 651 Fuerunt
1158 601 1216 648 et
1236 595 1362 658 filii,
1383 594 1632 659 Niceros,
1655 603 1711 648 et
1728 596 1846 647 Ari-

224 698 230 713 .
256 671 404 727 ston,
426 665 582 716 cuius
603 662 689 717 est
701 664 939 732 Satyrus
960 678 1086 716 cum
1107 662 1313 732 scypho
1335 669 1648 733 coronatus.
1667 664 1848 715 Disci-

255 734 394 801 puli,
434 728 731 809 Antorides
772 739 833 787 et
871 731 1218 801 Euphranor,
1256 733 1327 788 de
1361 733 1562 801 quihus
1595 744 1730 785 mox
1762 733 1848 784 di·

259 816 464 855 cemus.

323 902 607 958 xxxvn.
641 904 892 971 Namque
912 905 1132 957 subtexi
1173 917 1277 970 par
1310 908 1397 957 est
1414 902 1647 956 minoris
1669 903 1848 970 pictu-

253 987 351 1025 rae
372 973 617 1026 celebres
640 975 696 1026 in
717 973 996 1040 penicillo,
1017 988 1049 1025 e
1073 974 1269 1041 quibus
1289 972 1400 1024 fuit
1411 972 1708 1042 Pyreicus:⁷
1723 972 1860 1026 arte‘

253 1041 444 1109 paucis
463 1042 881 1108 postferendus=
906 1044 1214 1110 proposito,
1228 1044 1412 1094 nescio
1427 1057 1497 1093 an
1509 1042 1850 1094 destruxerit

252 1126 341 1163 see
358 1112 620 1177 quoniam
641 1104 1115 1179 humilia-quidem
1138 1116 1377 1175 secutus,
1398 1111 1735 1167 humilitatis
1756 1118 1846 1162 ta·

257 1193 386 1230 men
406 1193 676 1231 summam
699 1179 933 1244 adeptus
955 1185 1041 1230 est
1060 1180 1316 1244 gloriam.
1388 1179 1735 1241 Tonstrinns,
1758 1196 1851 1231 su-

256 1248 544 1316 trinasque
566 1247 763 1314 pinxit,
806 1252 864 1299 et
883 1247 1108 1310 asellos,
1150 1254 1208 1299 et
1228 1248 1478 1312 obsonia,
1524 1263 1591 1301 ac
1610 1249 1848 1302 similist

259 1317 330 1368 ob
372 1315 480 1368 hoc
516 1317 939 1384 cognominatus
958 1315 1483 1385 Rhyparographos,
1524 1317 1579 1369 in
1619 1318 1691 1369 iis
1722 1333 1851 1372 con-

190 1405 199 1413 ’
254 1390 565 1439 summutas
605 1385 931 1452 voluptatis.
1005 1386 1224 1453 Quippe
1261 1400 1360 1438 eae
1394 1387 1573 1454 pluris
1603 1389 1850 1452 veniere,

257 1471 417 1522 quam
442 1455 717 1507 maximae
737 1454 1055 1506 multorum.
1111 1456 1160 1506 E
1183 1454 1402 1507 diverso
1415 1456 1744 1521 Maeniana,
1765 1458 1849 1508 in-

257 1520 595 1591 quievarro,
634 1523 819 1574 omnin
857 1522 1146 1588 operiebat
1164 1522 1479 1590 Serapionis
1512 1524 1710 1578 tabula
1740 1527 1848 1578 snb

253 1592 571 1661 Veteribus.
639 1592 756 1643 Hic
774 1606 969 1643 scenas
987 1593 1198 1657 optime
1218 1593 1417 1658 pinxit,
1440 1594 1537 1645 sed
1562 1594 1850 1648 hominem

253 1664 481 1729 pingere
520 1662 629 1712 non
668 1662 870 1727 potuit.
941 1661 1149 1712 Contra
1167 1661 1470 1728 Dionysius
1506 1661 1647 1714 'nihil
1673 1663 1848 1728 aliud,

254 1745 418 1797 quam
461 1727 711 1781 homines
751 1729 951 1796 pinxit,
990 1729 1063 1780 ob
1101 1728 1162 1780 id
1182 1729 1727 1799 Anthropographus'
1751 1747 1851 1784 co·
1883 1736 1896 1741 ”

251 1796 618 1867 gnominatus.
687 1796 862 1849 Parva
889 1803 947 1849 et
968 1797 1227 1850 Gallicles
1259 1796 1418 1851 fecit:
1450 1802 1585 1852 item
1606 1801 1847 1854 Calades

253 1866 483 1919 comicis
522 1866 770 1918 tabellisz
810 1872 1049 1933 utraque
1068 1864 1399 1932 Antiphilus.
1469 1869 1612 1922 Nam
1648 1872 1712 1923 et
1731 1870 1850 1923 He·

214 1938 221 1943 ’
251 1936 467 1988 sinnam
487 1935 728 1988 nobilem
752 1935 947 2001 pinxit,
968 1942 1028 1988 et
1044 1934 1501 1989 Alexandrum‘ae
1519 1936 1848 2006 Philippum

254 2019 376 2057 cum
401 2004 673 2065 Minerva,
714 2005 810 2072 qui
832 2006 1044 2056 sunt‘in
1067 2002 1270 2056 Schola
1288 2007 1346 2055 in
1372 2007 1635 2058 Octaviae
1656 2011 1846 2072 porti·

252 2075 433 2127 cibus:
478 2080 537 2126 et
555 2076 613 2125 in
630 2071 886 2141 Philippi,
920 2072 1184 2124 Liberum
1208 2078 1442 2139 patrem,
1463 2074 1850 2128 Alexandrum
1873 2116 1880 2119 -

250 2154 500 2212 puerum,
537 2142 907 2210 Hippolytum
924 2147 1089 2193 tauro
1121 2144 1326 2194 emisso
1352 2151 1849 2210 expavescentem:

250 2214 313 2264 in
332 2212 596 2279 Pompeia
613 2226 747 2264 vero
770 2210 1053 2272 Cadmum,
1075 2215 1131 2261 et
1153 2212 1429 2276 Europen.
1473 2212 1624 2265 Idem
1649 2214 1852 2265 iocoso

148 2312 149 2315 =
238 2281 473 2333 nomine
495 2281 750 2349 Gryllum
784 2278 1012 2338 ridiculi
1041 2276 1262 2330 habitus
1286 2280 1484 2345 pinxit.
1555 2280 1712 2334 Unde
1733 2279 1854 2335 hoc

253 2364 426 2417 genus
447 2349 696 2414 picturae
720 2348 893 2414 grylli
912 2352 1198 2400 vocantur.
1243 2346 1369 2415 Ipse
1387 2348 1444 2399 in
1463 2351 1719 2418 Aegypto
1742 2364 1852 2404 na·

253 2425 348 2469 tus
368 2417 566 2470 didicit
585 2433 621 2470 a
640 2417 972 2469 Ctesidemo.

321 2500 499 2573 Decet
519 2533 629 2572 non
651 2517 804 2569 sileri
827 2522 882 2568 et
892 2514 1153 2573 Ardeatis
1173 2518 1366 2584 templi
1388 2510 1673 2585 pictorem,
1684 2532 1859 2587 prae.

256 2589 450 2641 scrtim
472 2588 700 2640 civitate
721 2585 986 2637 donatum
1004 2586 1103 2650 ibi,
1145 2592 1204 2641 et
1222 2586 1481 2655 carmine,
1503 2588 1654 2657 quod
1676 2594 1765 2645 est
1781 2588 1850 2640 in

256 2657 384 2726 ipsa
400 2659 619 2726 pictura
636 2654 722 2707 his
743 2655 1014 2707 versibust
1129 2678 1134 2685 ·
