2017 3034
140 152 167 173 (

330 1794 331 1797 ¹
367 1777 526 1824 retur
545 1771 607 1822 in
627 1788 687 1826 se
704 1773 847 1838 ipsa,
885 1773 1028 1825 alias
1051 1776 1347 1826 enormiter
1363 1775 1639 1828 iaculante
1659 1776 1835 1841 apice,
1877 1787 1966 1826 ra·

320 2086 333 2094 .
368 2054 600 2111 mutato,
642 2051 774 2107 sive,
795 2049 1057 2100 universa
1094 2047 1299 2100 tellure
1322 2048 1587 2118 aliquida
1625 2054 1822 2101 centro
1859 2046 2001 2159 suo*

289 216 293 220 ,
359 157 432 215 eo
742 156 800 208 c.
828 153 1133 232 rcum
1194 124 1584 206 saeuum

362 257 643 320 mliorem,
674 256 917 310 turribus
938 255 1249 310 Puteolano
1278 270 1349 309 ex
1367 253 1598 323 pulvere
1621 253 1951 308 exaedifica-

361 331 458 389 tis,
478 327 802 395 perductam
831 326 1065 389 Ostiam,
1084 332 1281 393 portus
1301 326 1490 394 gratia
1510 326 1731 376 mersit:
1754 324 1872 377 alia
1890 338 1956 378 ex

365 396 475 449 hoc
495 410 629 448 cura
648 397 892 459 navium,
934 392 1078 463 quae
1100 395 1295 448 Tiberi
1322 392 1646 448 subvehant.
1719 393 1843 456 Quo
1867 394 1958 447 ex·

363 467 671 534 perimente
696 465 894 585 patuit,
925 479 1040 518 non
1059 466 1238 517 minus
1260 478 1532 533 aquarum
1552 462 1683 515 huic
1700 464 1852 516 amni
1871 478 1955 516 es·

366 546 447 599 se,
522 549 661 586 uam
673 535 742 587 Ni
769 548 822 586 o.
990 544 998 550 *⁴
1603 584 1608 591 ,
1712 560 1729 575 ·

435 549 573 657 5.qu
607 609 796 656 autem
835 601 1128 666 obeliscus,
1155 616 1315 669 quem
1355 600 1533 653 Divus
1576 603 1862 669 Augustus
1901 601 1957 653 in

368 672 531 727 Circo
552 686 751 741 magno
774 672 974 724 statuit
993 707 1010 735 ,
1034 672 1271 737 *excisus
1302 677 1388 723 est
1417 685 1454 722 a
1483 684 1615 738 rege
1637 670 1954 723 Semneser-
1991 712 1998 719 .

364 748 483 806 teo,
507 756 615 808 quo
635 746 906 809 regnante
925 738 1272 808 Pythagoras
1293 743 1352 792 in
1375 741 1634 807 Aegypto
1658 735 1787 802 fuit,
1830 754 1955 791 cen-

362 818 483 864 tum
498 811 935 879 vigintiquinque
955 809 1173 875 pedum,
1196 817 1253 861 et
1275 808 1579 873 dodrantis,
1614 813 1842 875 praeter
1863 810 1954 861 ba-

365 881 469 932 sim
494 879 740 933 eiusdem
758 879 997 945 lapidis:
1034 878 1081 928 is
1100 893 1251 941 vero,
1273 879 1368 945 qui
1391 883 1477 930 est
1498 877 1554 928 in
1579 877 1789 945 Campo
1811 879 1953 930 Mar·

365 950 470 1010 tio,
509 963 705 1001 novem
739 948 971 1014 pedibus
1000 947 1198 1009 minor,
1239 962 1273 998 a
1293 945 1629 1000 Sesostride.
1696 947 1956 1015 Inscripti

367 1019 531 1069 ambo
553 1032 735 1070 rerum
758 1015 1537 1083 naturae-interpretationem
1556 1018 1956 1084 Aegyptiorum

371 1085 728 1154 philosophia
753 1084 1052 1138 continent.
1089 1090 1100 1097 ”
1645 1113 1656 1123 ·
1691 1148 1696 1153 .
2005 1140 2008 1145 ¹

438 1153 559 1206 XV.
596 1156 646 1206 6.
670 1154 759 1216 Ei,
797 1154 891 1221 qui
913 1158 999 1206 est
1022 1153 1081 1204 in
1102 1154 1327 1219 Campo,
1365 1149 1546 1205 Divus
1570 1153 1849 1220 Augustus
1869 1152 1955 1204 ad-

373 1221 516 1274 didit
537 1222 846 1276 mirabilem
870 1235 1047 1283 usum,
1071 1221 1143 1272 ad
1163 1219 1654 1289 deprehendendas
1676 1220 1826 1274 Solis
1844 1236 1957 1273 um-

369 1292 516 1353 bras,
561 1288 886 1358 dierum'que
907 1306 975 1343 ac
991 1291 1238 1342 noctium
1265 1290 1349 1343 ita
1368 1290 1796 1357 magnitudines,
1822 1297 1955 1344 stra·

367 1365 431 1412 to
472 1361 661 1427 lapide
698 1362 768 1413 ad
808 1359 1243 1427 magnitudinem
1263 1361 1516 1422 obelisci,
1556 1361 1646 1411 cui
1668 1374 1770 1427 par
1806 1362 1958 1412 fieret

370 1429 583 1490 umbra,
624 1430 849 1482 brumae
874 1425 1161 1480 confectae
1184 1429 1291 1491 die,
1312 1435 1474 1482 sexta
1491 1428 1650 1493 hora,
1670 1430 1959 1496 paulatim·

371 1511 478 1563 que
492 1513 596 1565 per
615 1499 834 1564 regulas
856 1501 1021 1565 (quae
1039 1503 1169 1551 sunt
1189 1512 1258 1549 ex
1276 1513 1408 1553 aere
1427 1498 1702 1560 inclusae)
1725 1499 1959 1565 singulis

371 1567 564 1618 diebus
585 1566 949 1628 decresceret,
988 1580 1055 1618 ac
1075 1581 1266 1618 rursus
1287 1574 1640 1636 augesceret:
1686 1567 1856 1636 digna
1878 1582 1961 1618 co-

368 1637 531 1702 gnitu
570 1647 660 1686 res
688 1642 750 1687 et
780 1633 1008 1702 ingenio
1042 1635 1314 1688 foecundo
1345 1635 1749 1690 mathematici.
1799 1635 1963 1702 Apici

368 1708 620 1755 auratam
642 1704 808 1769 pilam
828 1701 1075 1767 addidit,
1114 1705 1267 1763 cuius
1287 1708 1484 1759 umbra
1502 1707 1713 1758 vertice
1736 1704 1963 1771 collige·

368 1840 523 1893 tione
557 1844 645 1903 (ut
665 1840 877 1915 ferunt)
910 1856 945 1892 a
965 1840 1148 1908 capite
1169 1841 1405 1896 bominis
1425 1843 1732 1895 intellecta.
1805 1843 1964 1893 Hace
1991 1826 2002 1885 ⁴

370 1909 686 1963 observatio
709 1910 940 1979 triginta
960 1911 1075 1962 iam
1094 1909 1213 1963 fere
1233 1913 1391 1964 annis
1411 1927 1523 1965 non
1546 1912 1827 1978 congruit,
1848 1910 1964 1962 sivo

369 1976 521 2030 Solis
556 1978 728 2047 ipsius
768 1979 991 2031 dissono
1032 1995 1212 2041 cursu,
1233 1987 1289 2030 et
1328 1982 1472 2034 caeli
1512 1981 1704 2047 aliqua
1740 1983 1962 2032 ratione

369 2115 603 2180 dimota,
644 2123 709 2168 ut
731 2115 1068 2183 deprehendi
1090 2122 1148 2167 et
1168 2116 1225 2167 in
1248 2116 1376 2168 aliis
1393 2117 1533 2170 locis
1556 2118 1798 2184 accipio:
1841 2116 1963 2169 sive

367 2185 530 2236 Urbis
549 2186 902 2246 tremoribus,
923 2185 1010 2254 ibi
1028 2190 1240 2235 tantum
1263 2199 1537 2251 gnomone
1561 2187 1799 2248 intorto,
1843 2186 1963 2238 sive

367 2253 819 2307 inundationibus
837 2252 1062 2307 Tiberis
1083 2251 1395 2306 sedimento
1410 2255 1575 2308 molis
1585 2255 1738 2306 facto
1756 2273 1770 2305 x
1792 2269 1963 2321 quan-

368 2321 531 2389 quam
555 2323 625 2375 ad
645 2323 998 2376 altitudinem
1027 2322 1276 2390 impositi
1314 2325 1500 2379 oneris
1520 2326 1581 2378 in
1602 2329 1810 2385 terram
1834 2338 1965 2391 quo·

372 2405 480 2457 que
502 2390 755 2444 dicantur
781 2399 910 2444 acta
928 2389 1308 2456 fundamenta,
1991 2420 1994 2451 3

438 2461 491 2512 ⁷.
528 2460 754 2513 Tertius
792 2460 1004 2512 Romae
1044 2459 1104 2511 in
1124 2458 1416 2523 Vaticano,
1459 2459 1585 2513 Caii
1623 2466 1683 2513 et
1724 2460 1968 2515 Neronis
1993 2474 1994 2479 ¹

369 2528 678 2594 principum
692 2528 871 2591 Circo,
893 2543 964 2581 ex
986 2529 1246 2582 omnibus
1264 2544 1407 2582 unus
1427 2530 1652 2582 omnino
1676 2530 1861 2606 factus
1877 2536 1966 2581 est

366 2597 676 2652 imitatione
694 2595 833 2657 eius,
877 2611 1038 2663 quem
1059 2596 1271 2652 fecerat
1291 2598 1625 2664 Sesostridis
1647 2600 1800 2668 filius
1820 2599 1968 2652 Nun·
1991 2596 1992 2603 ’

369 2677 588 2720 conus.
656 2663 918 2718 Eiusdem
947 2675 1201 2723 remanet
1230 2675 1290 2722 et
1320 2668 1465 2721 alius
1494 2662 1720 2723 centum
1754 2668 1965 2722 cubito·

1509 2818 1526 2833 0

690 2888 722 2902 ἡ
1957 2878 1989 3000 „s
