2017 3034
264 218 275 233 ¹
344 154 413 213 64
710 159 770 209 c.
840 146 1113 211 ammi
1183 153 1567 210 suenum

345 266 400 315 in
422 263 512 326 iis,
534 272 765 315 corneus
789 256 947 314 color
963 266 1062 313 aut
1086 260 1369 324 candidus,
1389 264 1445 313 et
1464 258 1732 330 quidquid
1753 261 1942 317 simil·

344 334 486 384 vitro
512 338 615 384 est.
900 336 911 345 '
1931 342 1942 357 ⁸

413 401 558 452 Xlll.
593 397 825 450 Paulum
870 397 1079 451 distare
1109 398 1195 450 ab
1228 413 1294 451 eo
1315 399 1373 450 in
1393 401 1942 466 unguentorum‘fide

346 470 510 523 multi
530 470 854 521 existimant
873 466 1166 536 Lygdinos
1190 470 1245 519 in
1269 468 1411 520 Paro
1432 475 1711 534 repertos:
1738 470 1939 536 ampli-

345 540 554 600 tudine,
595 553 706 605 qua
728 537 916 589 lances
940 543 1295 603 craterasque
1317 553 1425 589 non
1452 538 1741 601 excedant,
1774 546 1942 592 antea

347 623 419 662 ex
438 607 642 660 Arabia
662 615 876 659 tantum
902 607 1103 658 advehi
1125 607 1343 671 solitos,
1375 607 1634 659 candoris
1659 608 1871 659 eximii.

416 679 654 746 Magnus
676 682 733 729 et
754 676 967 741 duobus
989 677 1306 729 contrariae
1343 676 1491 731 inter
1509 691 1569 728 se
1587 682 1822 728 naturae
1847 675 1943 729 ho·

350 762 484 800 nos:
531 747 832 799 coralitico
856 747 912 796 in
933 748 1065 796 Asia
1084 752 1327 812 reperto,
1348 760 1637 797 mensurae
1659 760 1769 796 non
1791 746 1945 798 ultra

347 818 484 869 bina
506 816 708 878 cubita,
751 815 992 866 candore
1016 818 1269 881 proximo
1297 815 1485 877 ebori,
1523 821 1582 866 et
1604 813 1846 880 quadam
1868 812 1943 864 si-

351 886 682 938 militudine.
754 887 801 935 E
827 883 1047 950 diverso
1080 884 1240 951 niger
1258 889 1346 935 est
1365 883 1736 935 Alabandicus
1758 889 1943 936 terrae

351 970 485 1007 suae
516 955 759 1015 nomine,
805 967 1117 1019 quanquam
1142 959 1200 1004 et
1220 952 1403 1004 Mileti
1429 963 1684 1016 nascens,
1726 952 1795 1003 ad
1819 950 1945 1020 pur²

352 1038 543 1089 puram
584 1031 769 1073 tamen
803 1021 976 1086 magis
999 1028 1230 1087 aspectu
1272 1020 1606 1085 declinante.
1679 1020 1944 1089 Idemque

350 1093 598 1158 liquatur
619 1091 756 1157 igni,
779 1105 844 1139 ac
867 1089 1123 1140 funditur
1142 1091 1211 1141 ad
1233 1105 1391 1143 usum
1411 1092 1563 1142 vitri.
1629 1087 1943 1141 Thebaicus

348 1159 728 1211 interstinctus
752 1161 933 1210 aureis
957 1160 1148 1225 guttis,
1167 1160 1448 1212 invenitur
1468 1160 1524 1209 in
1545 1158 1776 1210 Africae
1786 1163 1943 1226 parto

351 1231 607 1295 Aegypto
654 1228 986 1293 adscriptae,
1030 1228 1285 1279 coticulis
1331 1228 1401 1279 ad
1444 1227 1676 1307 tegenda
1703 1227 1945 1296 collyria

352 1299 585 1366 quadam
607 1297 856 1348 utilitate
878 1297 1127 1347 naturali
1149 1297 1499 1349 conveniens.
1702 1339 1713 1346 .

422 1368 582 1417 Circa
606 1363 826 1431 Syenen
843 1379 976 1416 vero
997 1364 1303 1421 Thebaidis
1325 1364 1604 1434 Syenites,
1626 1379 1792 1433 quem
1815 1370 1943 1418 ant·
2007 1416 2008 1421 ,

353 1434 749 1500 pyropoecilon
771 1432 1063 1484 vocabant.
1279 1482 1292 1488 ,
1407 1459 1414 1463 -
1487 1493 1494 1499 ἢ
2007 1450 2008 1453 ’

421 1500 563 1552 XlV.
602 1502 813 1569 Trabes
837 1516 904 1553 ex
926 1515 991 1552 eo
1015 1500 1216 1561 fecere*
1242 1517 1402 1570 reges
1422 1502 1657 1569 quodam
1684 1505 1940 1555 certami-

353 1587 439 1631 ne,
488 1570 764 1621 obeliscos
785 1577 1063 1631 vocantes,
1100 1571 1248 1623 Solis
1272 1573 1482 1622 numini
1504 1577 1768 1629 sacratos.
1841 1572 1946 1622 Ra·

355 1641 570 1689 diorum
593 1639 713 1689 eius
735 1646 1126 1705 argumentum
1165 1642 1221 1692 in
1245 1640 1428 1708 effigie
1452 1648 1553 1703 est,
1593 1644 1754 1703 etita
1772 1640 1943 1707 signi·

354 1710 551 1758 fleatur
572 1708 1098 1774 nomine‘Aegyptio.

423 1773 471 1825 1.
512 1775 732 1827 Primus
755 1779 994 1827 omnium
1017 1776 1072 1827 id
1094 1778 1340 1828 instituit
1359 1776 1617 1839 Mestres,
1647 1779 1743 1845 qui
1764 1780 1820 1828 in
1845 1775 1944 1828 So·

352 1844 423 1896 lis
446 1844 582 1896 urbe
605 1846 890 1912 regnabat,
911 1847 1131 1897 somnio
1154 1847 1371 1898 iussus:
1423 1846 1525 1897 hoc
1547 1849 1726 1914 ipsum
1754 1845 1946 1897 inscri-

352 1918 504 1980 ptum
528 1917 582 1964 in
609 1928 703 1965 eo:
729 1917 931 1966 etenim
953 1915 1270 1981 scalpturae
1294 1915 1426 1966 illae
1452 1915 1783 1984 effigiesque,
1800 1929 1945 1983 ,quas
2003 1940 2004 1973 ψ

351 1983 617 2045 videmus,
640 1984 949 2050 Aegyptiae
971 1992 1103 2037 sunt
1119 1985 1338 2038 literae.

420 2053 471 2103 2.
508 2053 713 2103 Postea
736 2059 792 2102 et
825 2053 923 2104 alii
944 2066 1134 2120 regum
1176 2054 1234 2102 in
1257 2066 1427 2119 supra
1460 2053 1610 2105 dicta
1630 2054 1798 2114 urbe,
1840 2050 1947 2110 sn·

350 2118 459 2171 this
484 2127 723 2186 quatuor
741 2136 986 2180 numero,
1006 2123 1416 2189 quadragenum
1440 2127 1695 2175 octonum
1722 2122 1946 2174 cubito·
1997 2162 1998 2165 η

350 2204 472 2240 rum
515 2189 893 2255 longitudine:
934 2190 1189 2241 Ramises
1229 2196 1410 2242 autem
1434 2192 1501 2255 is,
1541 2208 1647 2260 quo
1670 2196 1951 2257 regnante

351 2257 512 2308 llium
538 2265 756 2324 captum
776 2266 877 2320 est,
900 2262 1265 2325 quadraginta
1286 2260 1615 2313 cubitorum.
1686 2261 1839 2311 Idem
1868 2258 1952 2310 di-
2001 2272 2002 2287 ¹

349 2341 575 2393 gressus
598 2326 743 2389 inde,
779 2329 872 2379 ubi
898 2329 1002 2379 fuit
1026 2329 1299 2379 Mnevidis
1324 2330 1500 2397 regia,
1545 2333 1733 2396 posuit
1752 2331 1951 2390 alium,

352 2396 701 2462 longitudine
744 2398 1045 2448 undecenis
1085 2397 1346 2463 pedibus,
1388 2412 1487 2464 per
1524 2399 1710 2451 latera
1744 2399 1953 2461 cubitis
1999 2440 2000 2447 ,

355 2473 611 2530 quatuor.
685 2466 835 2532 Opus
873 2466 932 2516 id
973 2464 1174 2517 fecisse
1208 2465 1465 2517 dicuntur
1489 2470 1638 2521 CXX
1657 2469 1735 2520 Μ.
1770 2467 1955 2519 homi·
1999 2496 2000 2549 Q

354 2548 503 2585 num.
549 2536 673 2599 lpse
700 2549 816 2594 rex,
839 2550 959 2586 cum
984 2534 1341 2587 subiecturus
1362 2544 1527 2598 esset,
1550 2544 1958 2603 verereturquc

358 2617 430 2651 ne
454 2603 743 2653 machinae
764 2602 994 2667 ponderi
1017 2617 1127 2654 non
1151 2603 1484 2665 suffic-erent,
1527 2622 1635 2673 quo
1659 2608 1839 2658 maius
1863 2621 1958 2671 pe-

355 2671 595 2729 riculum
639 2683 806 2721 curae
842 2672 1116 2724 artificum
1159 2672 1527 2737 denuntiaret,
1568 2676 1746 2728 filium
1791 2689 1959 2727 suum
1997 2698 1998 2701 ¹
