2017 3034
558 99 832 147 1N1>Ex
886 72 1192 147 nnuma.

1541 90 1542 95 ’
1603 111 1685 151 27³

56 192 60 196 “
84 192 353 237 dicamenta
368 168 510 235 noxia
524 205 582 235 ne
594 198 789 236 noceant
800 199 868 244 28,
928 193 1000 237 bis
1024 197 1072 236 et
1089 192 1356 245 garrulitate
1376 188 1444 245 26,
1459 197 1500 239 6.
1520 196 1694 250 prisco-

85 254 160 293 27.
198 255 269 298 30,
285 252 352 291 24.
387 252 455 297 34,
469 251 536 289 44.
563 248 868 293 Medicamen-

82 306 210 348 taria
236 319 265 346 a
289 304 486 346 Chirone
508 310 692 358 reperta
713 308 752 354 7,
792 309 864 349 57.

79 361 392 405 medicamina
416 360 494 402 ubi
517 361 772 414 quaerenda
796 366 864 412 22,

83 420 158 463 56.
188 417 370 473 quando
387 416 447 458 iis
460 429 552 458 non
568 417 786 460 utendum
795 421 863 467 25,

53 528 304 572 Medicina
328 527 447 572 unde
474 531 584 571 nata
608 531 676 578 24,
703 532 740 571 1.
771 542 863 571 non

82 590 183 627 tam
198 585 475 643 praehentes
487 597 620 641 quam
633 585 863 640 reperien-

84 645 161 683 tes
176 645 373 694 prosunt
388 645 499 690 28,Ι.
528 641 587 682 ei.
601 653 724 690 usus,
738 645 786 682 et
798 650 861 683 ex

81 698 258 751 quibus
272 708 374 739 esse
388 697 551 739 debeat
564 700 633 755 22,
645 699 712 740 56.
746 696 861 738 med.

81 765 163 807 exJ
181 752 426 795 fraudibus
460 751 688 794 hominum
715 756 795 801 24,
824 757 861 794 1.

78 808 290 863 imperat
300 807 656 863 Imperatoribus
671 807 731 850 ib.
754 818 863 850 vera

78 864 132 906 in
159 864 322 906 coenis
345 865 625 918 quotidianis
654 863 717 906 ib.
746 863 864 905 anti-

928 263 1027 293 rum
1037 250 1285 301 ‘diligentia
1296 252 1366 298 23,
1380 253 1448 292 60.
1469 253 1698 295 excellen-

928 310 998 348 tes
1017 305 1169 360 plures
1189 308 1231 354 7,
1245 309 1312 348 37.
1334 306 1533 349 medicos
1547 307 1701 360 arguit

926 362 1111 407 Plinius
1131 363 1202 410 34,
1221 364 1290 404 25.
1328 361 1497 404 medici
1517 370 1697 413 veteres

927 418 1083 474 plures
1106 421 1177 468 29,
1204 421 1243 459 1.
1284 417 1452 459 medici
1478 418 1696 470 periculis
1777 438 1780 445 ν

925 473 1098 515 nostris
1135 473 1333 521 discunt,
1386 478 1435 515 ct
1469 473 1697 515 hominem

927 529 1152 571 occidisse
1169 541 1340 570 summa
1353 528 1606 582 impunitas
1624 532 1697 576 29,

927 590 967 628 8.
989 584 1164 626 medico
1183 585 1343 639 cuique
1373 582 1531 627 statim
1554 582 1698 626 credi-

923 645 1000 682 tur
1019 639 1078 683 ib.
1099 640 1373 683 medicorum
1392 642 1524 682 turba
1544 652 1593 682 se
1614 651 1697 693 pe-

922 697 1058 744 risse,
1077 696 1352 738 monumenti
1368 695 1605 750 inscriptio
1627 698 1698 744 29,

923 757 964 795 5.
985 752 1205 807 Aegyptii
1225 751 1382 807 quales
1396 754 1464 800 26,
1479 756 1519 794 3.
1560 751 1700 795 medi.

925 808 966 850 ci
998 808 1161 863 cuique
1192 806 1397 850 venalem
1424 808 1566 850 vitam
1597 819 1701 862 pro-

923 864 1113 906 mittunt
1131 866 1201 913 24,
1220 868 1259 905 1.
1288 863 1555 907 medicorum
1577 863 1703 906 inter

82 933 179 975 qua
194 932 314 975 quae
329 924 400 969 25,
421 923 461 962 6.
477 921 602 962 nulla
615 920 779 962 artium
793 919 863 961 in·
926 932 976 961 se
993 920 1294 962 contrarietas
1321 922 1391 968 20,
1420 922 1489 961 32.
1516 922 1586 961 48.
1628 920 1698 967 26,

81 977 379 1019 constantior
390 980 501 1025 29,1.
524 988 640 1018 nova
651 978 760 1024 26,7.
775 987 865 1017 me·
928 977 967 1018 6.
984 979 1025 1017 7.
1056 973 1326 1031 medicorum
1339 973 1616 1018 consuetudo
1630 986 1697 1015 ar·
1761 972 1770 981 ⁶

83 1033 276 1077 dicinae
290 1032 470 1074 auxilia
486 1033 737 1075 communia
752 1043 871 1085 quae
930 1030 1086 1083 guitur
1106 1035 1175 1083 22,
1195 1033 1265 1074 56.
1481 1040 1488 1049 “

84 1087 152 1130 il».
181 1086 424 1135 medicina,
439 1087 718 1130 abstinentia
731 1092 780 1129 et
798 1086 868 1128 fa·
900 1087 1087 1130 Medion
1102 1085 1243 1128 herba
1261 1086 1407 1140 qualis
1425 1090 1493 1135 27,
1514 1089 1583 1132 79.

84 1156 189 1185 mes
204 1148 277 1192 28,
291 1147 357 1186 14.
378 1146 447 1191 22,
468 1146 532 1186 66.
546 1144 796 1186 medicinae
811 1142 866 1183 ab
901 1141 1132 1185 Medullae
1144 1139 1698 1192 consideratio,usus‚me-

86 1200 248 1241 animo
273 1197 470 1241 hominis
495 1199 749 1255 pendentes
776 1211 867 1240 non

89 1255 378 1298 omittendae
393 1259 461 1302 28.
477 1259 541 1298 14.
583 1254 638 1297 ab
672 1254 867 1297 oraculis

85 1311 272 1366 petitur
289 1315 360 1360 29,
382 1315 420 1360 1.
467 1310 636 1364 optima
663 1324 775 1365 quae
796 1314 865 1356 28,

87 1369 162 1409 14.
195 1377 225 1406 a
240 1366 352 1408 Diis
366 1367 552 1412 inventa
570 1371 640 1416 29,
659 1371 699 1409 1.
736 1378 868 1421 prae-

80 1422 182 1464 mia
200 1422 412 1474 ingentia
423 1426 492 1471 29,
507 1425 548 1465 4.
583 1435 645 1465 ex
661 1435 717 1465 ea
728 1421 869 1472 magi-

83 1491 142 1520 ca
156 1484 269 1520 nata
290 1481 362 1520 est
381 1482 448 1525 30,
472 1484 508 1520 l.
537 1483 726 1532 utraque
747 1477 867 1532 pari·

85 1539 165 1576 ter
198 1532 498 1576 effloruerunt
525 1538 592 1582 30,
626 1538 666 1576 2.
710 1534 869 1589 plures*

926 1198 1107 1240 dicinae
1123 1202 1194 1246 28,
1214 1202 1283 1242 39.
1322 1198 1548 1243 medullae
1568 1199 1697 1239 arbo-

928 1266 1027 1297 rum
1049 1256 1116 1300 16,
1137 1257 1208 1295 42.
1244 1257 1312 1303 17,
1332 1250 1385 1299 35
1407 1255 1432 1308 ξ
1456 1259 1490 1298 Ι.
1526 1252 1697 1296 medul-

929 1310 1002 1353 lae
1021 1308 1229 1358 effectus,
1250 1315 1296 1351 et
1317 1322 1379 1351 ex
1399 1309 1560 1362 quibus
1580 1309 1699 1363 opti-

929 1378 1001 1407 ma
1018 1364 1082 1406 ib.
1123 1364 1347 1406 medullae
1374 1365 1422 1407 in
1455 1363 1696 1409 medicinis

927 1433 1037 1462 usus
1056 1423 1124 1468 28,
1138 1423 1209 1464 50.
1226 1423 1296 1463 58.
1337 1419 1560 1462 medullae
1594 1433 1699 1461 con·
1771 1420 1778 1429 ⁸

929 1477 1152 1518 sideratio
1173 1481 1241 1528 11,
1258 1478 1327 1522 86.
1359 1474 1560 1521 medulla
1580 1486 1695 1530 quae.

929 1536 1115 1574 careant
1132 1536 1175 1581 7,
1199 1537 1274 1581 18.
1642 1556 1650 1566 ι

85 1591 147 1632 ab
179 1589 455 1631 animalibus
484 1593 695 1643 repertae
726 1595 767 1638 8,
799 1591 865 1631 41.
900 1587 1138 1640 Megabyzi
1160 1586 1410 1630 sacerdotis
1432 1584 1613 1651 pictura
1627 1588 1695 1634 35,

86 1645 360 1687 animalium
380 1658 442 1687 ex
458 1644 669 1686 membris
689 1648 757 1693 28,
780 1651 816 1687 l.
839 1657 866 1686 a
927 1647 982 1688 36
1005 1642 1032 1697 ξ
1053 1646 1115 1686 16.
1135 1646 1190 1686 40
1210 1645 1235 1699 ξ
1253 1648 1321 1686 28.

87 1714 180 1755 quo
197 1707 389 1755 reperta
407 1705 446 1750 7,
467 1703 534 1742 57.
576 1702 771 1745 Romani
789 1700 866 1743 da·
900 1699 1148 1752 Megalium
1164 1703 1443 1751 unguentum
1465 1702 1531 1749 13,
1544 1701 1585 1743 2.

84 1763 364 1800 mnaverunt
378 1761 448 1806 29,
463 1761 503 1800 6.
541 1757 759 1799 medicam
770 1770 864 1799 rem
899 1755 1099 1808 Megaris
1144 1756 1374 1799 excidium
1420 1752 1702 1809 praedictum

83 1809 236 1868 prisci
263 1826 356 1855 non
373 1813 660 1860 damnabant,
683 1812 764 1854 sed
794 1825 866 1854 ar.
928 1812 1109 1853 oraculo
1130 1810 1194 1859 16,
1210 1814 1262 1853 76
1282 1811 1307 1865 ξ
1327 1814 1367 1852 2.
1387 1828 1394 1833 .
1525 1818 1542 1825 “

83 1870 185 1911 tem
205 1872 279 1917 28,
295 1872 364 1913 5³.
407 1868 525 1912 luem
541 1881 714 1911 morum
737 1869 866 1911 indu-
902 1866 1226 1919 Megasthenes
1250 1865 1453 1919 scriptor
1483 1864 1536 1909 in
1564 1862 1697 1909 India

83 1925 168 1967 ‘xit
180 1928 254 1973 29,
275 1929 316 1967 8.
339 1923 500 1966 Graeci
516 1929 699 1967 autores
713 1938 866 1968 recen·
930 1926 970 1973 6,
988 1926 1057 1964 21.
1080 1925 1150 1964 22.
1170 1924 1239 1963 24.

84 1986 256 2024 sentur
272 1983 341 2029 29,
373 1983 412 2022 2.
456 1980 706 2023 medicinae
734 1980 867 2021 fidem
903 1979 1061 2029 Meges
1083 1977 1181 2031 quis
1202 1981 1270 2024 32,
1289 1977 1360 2027 24,
1457 2022 1467 2036 ·

79 2037 196 2078 fieri
209 2036 476 2087 abrogasset
492 2038 666 2089 magica
692 2036 867 2079 vanitas
905 2033 1028 2076 Mela
1054 2033 1212 2084 Pomp.
1235 2035 1301 2080 19,
1320 2033 1428 2073 33⁹,

77 2096 159 2141 26,
180 2096 222 2134 9.
267 2091 516 2135 medicinae
533 2094 664 2144 longe
684 2104 869 2136 nascen-
903 2088 998 2137 Mel
1015 2099 1205 2142 corpora
1217 2086 1459 2133 conservat
1472 2087 1514 2133 7,
1529 2087 1570 2127 3.
1588 2087 1698 2129 mel-

82 2149 159 2191 tia
182 2161 276 2190 non
297 2147 481 2201 placent
498 2152 566 2199 22,
582 2152 649 2192 56.
684 2147 868 2190 medici·
930 2146 990 2189 lis
1011 2143 1220 2200 probatio
1243 2146 1309 2193 11,
1332 2144 1398 2182 15.
1418 2153 1504 2194 qua
1516 2141 1697 2185 ratione

75 2217 175 2249 nae
204 2203 410 2257 prodigia
426 2206 494 2252 36,
515 2207 584 2248 68.
628 2215 688 2246 an
716 2203 867 2248 valeat
930 2197 1270 2245 extrahaturib.
1283 2196 1402 2252 quod
1415 2195 1599 2239 auribus
1612 2197 1701 2241 uti·

81 2274 181 2317 per
199 2260 549 2302 incantamenta
568 2263 636 2309 28,
653 2265 696 2303 3.

928 2256 1153 2300 lissimum
1169 2258 1240 2305 29,
1262 2257 1329 2296 39.
1362 2245 1527 2300 mellis,
1546 2253 1595 2296 in
1610 2265 1697 2305 quo
1753 2300 1758 2304 ι

49 2316 348 2363 Medicorum
363 2314 610 2358 crudelitas
631 2321 702 2363 28,
721 2319 760 2358 2.
775 2328 867 2357 me·
929 2314 1024 2354 sint
1041 2316 1155 2366 apes
1182 2310 1463 2355 immortuae,
1490 2307 1539 2351 in
1559 2308 1700 2351 medi·

81 2374 300 2416 diem-um
342 2371 510 2415 literae
552 2371 864 2426 inspiciendae
922 2368 1045 2411 cinis
1064 2378 1172 2409 usus
1190 2369 1258 2414 30,
1274 2369 1341 2408 20.
1360 2367 1429 2407 22.
1459 2363 1517 2406 ei.
1538 2368 1700 2406 natura

79 2442 188 2472 nou
218 2426 545 2482 perdiscendae
580 2430 648 2475 29,
680 2430 720 2470 7.
774 2439 866 2468 me-

80 2486 301 2528 dicorum
358 2494 555 2524 summus
611 2483 866 2538 Hippocra-

76 2548 163 2584 tes
200 2539 422 2592 qumnodo
451 2537 696 2583 honoratus
729 2542 772 2586 7,
799 2541 864 2580 37.

76 2596 294 2639 omnium
309 2594 791 2652 clariss.Asclepiades
804 2593 863 2636 ib.

928 2423 1078 2479 qualis
1096 2426 1142 2464 et
1161 2420 1277 2463 unde
1299 2426 1365 2472 ll,
1384 2425 1436 2462 12
1452 2441 1511 2451 —-
1529 2423 1598 2462 15.
1625 2432 1700 2465 ve·

927 2483 1142 2522 uenatum
1159 2476 1237 2518 ubi
1266 2480 1492 2523 nascatur,
1522 2479 1570 2516 et
1597 2475 1698 2533 eius

926 2534 1125 2578 remedia
1158 2536 1228 2582 29,
1256 2538 1325 2578 31.
1373 2535 1444 2579 32,
1479 2533 1545 2571 16.
1595 2530 1698 2583 quis

928 2591 1099 2647 primus
1117 2603 1218 2633 eum
1236 2589 1343 2631 vino
1370 2584 1602 2628 miscuerit
1631 2588 1699 2630 lev,

74 2651 367 2696 medicorum
388 2650 587 2691 mulium
601 2653 747 2695 nonin
766 2662 863 2695 ver·
927 2651 968 2692 6.
1020 2659 1120 2691 eum
1139 2649 1269 2691 aceto
1285 2645 1493 2689 mixtum,
1515 2638 1700 2707 oxyn-el

116 2709 296 2752 Pmn.
336 2704 486 2748 Tou.
529 2704 590 2748 V.

1313 2699 1345 2745 S
