2017 3034
305 132 374 184 24
518 170 525 175 .
612 154 619 161 ·
678 121 751 188 e.
776 94 1075 189 ⁴1³121N11
1134 134 1512 197 sEanm
1591 172 1620 187 „

310 237 428 305 busp
451 235 766 291 Alexandro
792 237 847 298 in
869 253 1033 291 curru
1057 238 1449 307 triumphante.
1479 242 1631 307 Quas
1649 247 1916 310 utrasque

215 322 239 335 ·*
310 304 538 357 tabulas
565 300 743 358 Divus
763 308 1042 376 August-ds
1081 311 1143 361 in
1171 310 1306 362 Fori
1347 313 1433 362 sui
1469 313 1726 378 partibus
1763 313 1911 367 cele-

309 372 573 426 berrimis
617 374 902 428 dicaverat
940 377 1301 444 simplicitate
1341 378 1653 433 moderata.
1735 380 1915 433 Divus

314 442 583 512 Claudius
605 442 782 509 pluris
804 445 1162 509 existimavit,
1202 448 1264 498 in
1283 449 1535 515 utrisque
1558 447 1747 505 excisa
1765 449 1915 504 facie

312 509 634 575 Alexandri,
654 512 788 563 Divi
799 515 1037 581 Augusti
1048 517 1624 584 imaginem-subdere.
1645 520 1915 572 Eiusdem
1979 556 1984 563 -

312 580 660 640 arbitrantur
678 596 845 652 manu
868 598 990 634 esse
1012 585 1149 636 etin
1164 587 1441 640 Antoniae
1464 587 1678 655 templo·
1695 591 1909 641 Hercu·

319 648 427 701 lem
451 650 736 702 aversum:
757 658 840 713 ut,
862 651 1007 718 quod
1030 660 1117 707 est
1138 654 1545 723 difficillimum,
1565 657 1767 709 faciem
1790 660 1912 711 eius

311 717 573 770 ostendat
598 719 781 772 verius
801 720 1041 788 pictura,
1055 738 1236 791 ›quam
1255 724 1569 793 promittat.
1638 725 1831 779 Pinxit
1850 732 1911 779 et

304 782 487 851 heroa
507 787 739 842 nudum
777 805 958 862 eaque
975 793 1200 860 pictura
1219 793 1479 849 naturam
1500 796 1679 862 ipsam
1698 809 1905 864 provo·

309 856 476 909 cavit.
1330 909 1336 913 .
1393 878 1398 883 ·
1989 872 1996 877 '

380 925 466 979 1⁷.
501 922 608 978 Est
622 931 685 979 et
709 943 885 997 equus
904 929 1043 993 eius,
1061 932 1190 1003 ‚sive
1210 931 1335 999 fuit,
1371 932 1555 1001 pictus
1575 933 1634 985 in
1655 932 1912 991 certami-

310 1009 406 1045 ne:
430 995 575 1061 quod
595 996 867 1053 iudicium
892 998 963 1051 ad
976 1006 1168 1059 ,mutas
1191 1000 1572 1070 quadrupedes
1583 1003 1915 1070 provocavit
2003 1011 2009 1017 ’

314 1062 384 1113 ab
407 1060 742 1118 hominibus.
770 1064 773 1065 ⁷
803 1064 1057 1135 Namque
1082 1070 1295 1124 ambitu
1315 1073 1563 1126 aemulos
1584 1073 1914 1140 praevalere

309 1132 574 1194 sentiens,
614 1134 960 1203 singulorum
997 1138 1245 1206 picturas
1281 1143 1530 1194 inductis
1548 1143 1703 1208 equis
1724 1148 1913 1193 osteu-

236 1204 243 1211 ‘
309 1199 419 1255 dit:
437 1198 648 1266 Apellis
667 1209 885 1257 tantum
904 1221 1047 1274 equo
1060 1207 1435 1274 adhinnivere,
1448 1211 1615 1278 idque
1632 1216 1689 1264 et
1708 1216 1912 1279 postea

308 1277 528 1335 semper
549 1270 702 1325 illius
724 1277 1164 1341 experimentum
1186 1280 1324 1332 artis
1344 1285 1674 1334 ostentatur.
1743 1280 1912 1332 Fecit
1989 1316 1995 1333 ,

307 1344 367 1390 et
386 1339 848 1409 Neoptolemum3
887 1359 954 1397 ex
975 1334 1119 1412 e'quo
1150 1347 1414 1401 adversus
1435 1346 1663 1412 Persas,
1703 1349 1909 1401 Arche·

307 1405 457 1459 laum
472 1425 593 1463 cum
616 1428 794 1465 uxore
817 1420 874 1468 et
895 1410 1375 1483 fllia‚Antigonum
1398 1416 1751 1470 thoracatum
1778 1434 1906 1471 cum

309 1490 453 1542 equo
476 1478 841 1535 incedentem.
896 1482 1200 1538 Peritiores
1220 1487 1361 1539 artis
1382 1485 1704 1553 praeferunt
1727 1489 1909 1539 omni-

306 1545 409 1594 bus
432 1546 552 1597 eius
574 1550 830 1614 operibus
852 1551 1087 1605 eundem
1107 1568 1299 1621 regem
1330 1555 1614 1609 sedentem
1650 1557 1707 1608 in
1729 1570 1903 1623 equo:

305 1610 540 1665 Dianam
567 1618 997 1670 sacrificantium
1022 1622 1295 1689 virginum
1318 1622 1487 1678 choro
1506 1627 1762 1678 mixtam:
1786 1625 1932 1692 qui·-

305 1680 408 1731 bus
438 1682 641 1736 vicisse
661 1687 894 1739 Homeri
925 1704 1119 1742 versus
1139 1692 1359 1745 videtur
1386 1693 1449 1743 id
1474 1695 1657 1761 ipsum
1687 1694 1901 1747 descri—

306 1748 509 1815 bentis.
582 1751 776 1805 Pinxit
795 1760 852 1807 et
874 1771 1017 1822 quae
1038 1760 1190 1828 pingi
1212 1777 1323 1812 non
1344 1769 1595 1828 possunt,
1628 1765 1906 1827 tonitrua,

304 1816 397 1937 full
430 1824 682 1939 euinque:
717 1823 984 1889 Bronten,
1015 1828 1310 1897 Astrapen,
1333 1832 1774 1897 Ceraunobolian
1796 1848 1897 1900 ap·

304 1900 375 1955 pe
425 1903 493 1943 an
526 1924 540 1937 .
709 1914 714 1920 ·
1534 1912 1540 1947 2
1721 1916 1751 1961 χ
1895 1929 1906 1937 ·

371 1953 456 2008 18.
493 1957 727 2012 Inventa
748 1959 864 2013 eius
888 1967 946 2015 et
967 1966 1172 2017 ceteris
1192 1967 1457 2033 profuere
1474 1967 1535 2020 in
1556 1975 1696 2021 arte.
1718 1963 1912 2023 Unum'

299 2024 518 2078 imitari
537 2043 700 2080 nemo
722 2032 922 2096 potuit,
939 2034 1087 2100 quod
1106 2037 1369 2089 absoluta
1390 2052 1561 2105 opera
1580 2046 1902 2092 atramento

300 2093 554 2149 illiniebat
573 2096 659 2150 ita
676 2101 851 2164 tenui,
885 2109 948 2153 ut
968 2103 1027 2153 id
1052 2105 1233 2169 ipsum
1252 2120 1584 2172 repercussu
1607 2107 1900 2161 claritates

303 2163 553 2216 colorum
575 2169 867 2234 excitaret,
897 2172 1317 2241 custodiretque
1339 2190 1375 2234 a
1396 2177 1625 2242 pulvere
1645 2183 1701 2231 et
1721 2178 1904 2230 sordi÷

298 2229 435 2296 bus,
473 2233 545 2285 ad
567 2249 789 2293 manum
811 2241 1059 2293 intuenti
1079 2241 1296 2297 demum
1313 2251 1636 2312 appareret.
1710 2245 1822 2301 Sed
1842 2253 1904 2299 et

191 2330 211 2337 -
301 2314 423 2351 cum
456 2302 678 2356 ratione
708 2321 938 2375 magna:
981 2327 1053 2363 ue
1083 2314 1327 2365 colorum
1352 2316 1580 2368 claritas
1604 2315 1901 2368 oculorum

297 2369 472 2423 aciem
493 2371 830 2437 offenderet,
866 2378 1043 2431 veluti
1067 2396 1166 2447 per
1183 2383 1423 2450 lapidem
1442 2385 1786 2452 specularem
1811 2384 1898 2435 in·

297 2438 585 2492 tuentibus
609 2456 640 2492 e
661 2440 992 2511 longinquo:
1037 2457 1094 2502 et
1115 2453 1316 2504 eadem
1352 2470 1445 2507 res
1482 2455 1648 2509 nimis
1671 2452 1897 2509 floridis

298 2507 576 2560 coloribus
599 2512 983 2569 austeritatem
1006 2518 1225 2572 occulte
1249 2523 1442 2575 daret:

371 2575 452 2627 19.
507 2576 764 2644 Aequalis
809 2584 925 2635 eius
961 2585 1073 2637 fuit
1110 2589 1381 2642 Aristides
1425 2563 1741 2643 Thebanus.
1835 2591 1896 2642 Is

295 2644 539 2698 omnium
576 2648 790 2714 primus
813 2653 1055 2706 animum
1092 2656 1302 2724 pinxit,
1343 2663 1402 2711 et
1430 2675 1624 2714 seusus
1646 2658 1897 2714 hominis

1144 2754 1158 2787 δ
