2017 3034
142 179 454 236 NATUR.
500 181 717 234 HlST.
762 182 930 235 LlB.
979 182 1262 239 xxxvn.
1306 187 1508 241 7446.
1584 186 1683 241 141

74 286 142 335 ut
162 296 366 335 nomen
391 285 661 337 usitatum
693 301 803 338 non
837 276 1109 350 habeant,
1152 287 1359 354 physes
1382 290 1686 358 appellant,

72 352 232 404 velut
256 353 434 419 ipsius
456 362 588 406 natu
598 371 691 407 rae
712 356 1139 407 admirationem
1160 359 1216 408 in
1237 358 1307 409 iis
1326 362 1689 422 venditantes,
1749 394 1756 399 .

77 436 202 473 eum
226 423 357 473 finis
378 426 659 474 nominum
684 442 795 476 non
816 427 912 488 sit,
956 440 1097 492 quae
1123 428 1377 494 persequi
1400 442 1507 478 non
1532 430 1687 494 equi-

82 490 208 542 dem
236 492 460 557 cogito,
503 494 795 548 innumera
834 510 903 546 ex
926 495 1142 567 Graeca
1164 499 1414 549 vanitate
1437 497 1685 560 conficta.

82 560 355 611 indicatis
377 563 650 613 nobilibus
673 567 920 631 gemmis,
957 563 1129 616 *etiam
1154 566 1388 631 plebeiis
1410 570 1682 616 rariorum

82 643 390 696 generum,
433 631 583 682 dictu
609 632 806 699 dignas
826 633 1147 685 distinxisse
1169 635 1305 684 satis
1329 642 1467 686 erat.
1540 632 1689 685 Illud

83 712 217 748 vero
242 698 558 751 meminisse
584 702 900 762 conveniet,
938 703 1379 757 increscentibus
1401 704 1553 756 varie
1574 717 1689 753 ma·

86 766 230 817 culis
246 778 321 817 ‘ac
339 769 585 820 verrucis
610 807 625 833 ,
663 770 1045 836 linearumque
1077 772 1480 824 interveniente
1504 772 1692 823 multi·
1761 780 1766 788 ’

85 835 219 900 plici
247 835 413 887 ductu
439 845 498 889 et
515 839 709 890 colore
729 877 744 903 ‚
785 846 999 893 mutata
1031 840 1253 906 saepius
1276 843 1500 893 nomina
1517 839 1574 892 in
1596 854 1687 892 ea·

87 904 210 956 dem
239 906 563 972 plerumque
584 909 838 960 materia.

149 973 381 1026 LXXV.
419 975 470 1027 N
475 991 579 1028 unc
619 979 986 1031 communiter
1028 976 1100 1028 ad
1146 977 1392 1029 omnium
1438 990 1683 1045 gemma-7

84 1056 204 1092 rum
233 1044 684 1097 observationem
709 1047 1049 1112 pertinentia
1073 1047 1318 1103 dicemus
1341 1083 1357 1109 ,
1400 1048 1687 1114 opiniones

85 1112 269 1163 secuti
297 1119 606 1165 auctorum.
679 1117 859 1168 Cavae
894 1121 993 1167 aut
1029 1116 1424 1168 extuberantes
1456 1116 1687 1167 viliores

84 1181 343 1233 videntur
365 1184 705 1249 aequalibus.
776 1185 984 1251 Figura
1017 1183 1261 1250 oblonga
1287 1187 1526 1237 maxime
1561 1201 1686 1252 pro-

86 1248 253 1301 batur
276 1269 311 1313 ει
335 1251 538 1302 deinde
563 1268 704 1321 quae
743 1259 979 1307 vocatur
1021 1251 1324 1305 lenticula:
1373 1261 1569 1319 postea
1593 1269 1685 1321 cy-

85 1318 298 1371 cloides
322 1326 379 1371 et
398 1322 669 1372 rotunda:
709 1321 998 1388 angulosis
1026 1325 1211 1371 autem
1237 1322 1463 1372 minima
1485 1320 1687 1388 gratia.

84 1387 259 1440 Veras
281 1403 317 1439 a
338 1387 494 1440 falsis
518 1390 863 1442 discernendi
883 1404 1087 1457 magna
1109 1388 1405 1455 difficultas
1430 1408 1443 1440 τ
1483 1393 1687 1457 quippe

87 1472 206 1508 cum
228 1458 514 1510 inventum
537 1460 630 1521 sit,
670 1474 738 1511 ex
761 1460 907 1510 veris
929 1458 1161 1526 gemmis
1182 1459 1238 1508 in
1264 1458 1494 1511 alterius
1518 1475 1684 1526 gene-

54 1570 57 1577 .
83 1527 159 1577 ris
199 1525 378 1578 falsas
420 1527 730 1579 traducere.
806 1528 1196 1595 Sardonyches
1235 1543 1265 1581 e
1303 1530 1478 1580 ternis
1520 1529 1687 1597 gluti-

5 1645 13 1651 ,
85 1583 288 1646 nantui
309 1597 540 1663 gemmis
560 1633 576 1661 ,
635 1598 718 1648 ita
744 1603 808 1648 nt
843 1596 1181 1662 deprehendi
1214 1612 1305 1649 ars
1335 1614 1442 1649 non
1471 1599 1685 1665 possit:

85 1663 310 1716 aliunde
332 1666 507 1732 nigro,
547 1666 771 1717 aliunde
796 1667 1045 1727 candido,
1069 1666 1291 1719 aliunde
1314 1662 1512 1731 m'inio,
1535 1682 1689 1718 sum-

85 1734 159 1785 tis
180 1734 438 1786 omnibus
467 1735 522 1785 in
560 1751 662 1786 suo
695 1750 896 1802 genere
917 1736 1343 1802 probatissimis.
1418 1738 1565 1800 Quin
1590 1737 1690 1788 im·

87 1817 174 1854 mo
199 1806 375 1855 etium
398 1810 619 1856 exstant
641 1807 1025 1865 commentarii
1048 1811 1336 1871 auctorum
1358 1842 1375 1870 ,
1418 1821 1555 1872 quos
1579 1820 1691 1859 non

87 1872 345 1938 equidem
382 1872 809 1925 demonstrarim
830 1912 845 1938 ,
886 1876 1085 1940 quibus
1109 1874 1288 1923 modis
1313 1886 1382 1924 ex
1414 1875 1687 1942 crystallo

85 1942 379 2009 tingantur
397 1943 714 2009 smaragdi,
755 1944 1009 2009 aliaeque
1031 1942 1453 2005 translucentes,
1492 1943 1686 1993 sardo·

86 2025 198 2076 nyx
222 2027 255 2062 e
277 2011 447 2062 sarda
467 2047 483 2072 ,
519 2013 654 2063 item
680 2019 899 2066 ceterae
923 2027 991 2065 ex
1010 2011 1163 2062 aliis.
1255 2008 1447 2077 Neque
1470 2017 1554 2062 est
1575 2012 1691 2063 ulla

83 2077 235 2131 fraus
257 2083 410 2131 vitae
430 2080 717 2133 lucrosior.
1425 2118 1430 2121 -

150 2149 412 2201 LXXVI.
450 2150 567 2201 Nos
597 2158 791 2202 contra
814 2150 1085 2202 rationem
1122 2146 1568 2227 deprehendendi
1591 2147 1693 2199 fal-

83 2228 175 2271 sas
208 2216 734 2284 demonstrabimus,
777 2220 1025 2287 (quando
1066 2221 1233 2275 etiam
1276 2219 1553 2269 luxuriam
1591 2217 1696 2268 ad-

66 2296 281 2343 Jmus
305 2286 531 2340 fraudes
554 2290 756 2340 muniri
778 2288 936 2340 decet
958 2306 969 2338 ι
994 2292 1015 2350 )
1059 2294 1283 2354 praeter
1301 2288 1429 2350 illa,
1466 2302 1609 2356 quae
1633 2288 1696 2338 in

30 2395 39 2400 -
84 2354 494 2423 principalibus
549 2359 859 2424 quibusque
902 2358 1200 2423 generibus
1251 2358 1504 2424 privatim
1547 2356 1691 2408 dixi·

80 2439 225 2475 mus».
303 2425 741 2480 Translucentes
764 2427 1040 2477 matutino
1065 2426 1292 2491 probari
1311 2432 1570 2495 censentz
1596 2430 1695 2477 aut

84 2493 130 2544 si
153 2506 391 2561 necesse
433 2501 520 2546 est
540 2530 558 2557 ,
600 2499 657 2546 in
698 2502 949 2562 quartam
989 2491 1210 2556 horam,
1251 2502 1447 2561 postea
1482 2501 1694 2546 vetant.

81 2562 496 2629 Experimenta
510 2564 766 2631 pluribus
780 2564 956 2615 modis
981 2566 1254 2615 constant.
1295 2562 1539 2615 Primum
1564 2577 1696 2627 pon·

87 2632 253 2693 dere,
282 2634 345 2684 'si
364 2623 653 2700 graviores
684 2634 1037 2691 sentiuntur:
1077 2638 1203 2698 post
1224 2628 1363 2682 haec
1383 2668 1398 2694 ,
1442 2644 1693 2696 corpore.
1749 2678 1754 2685 .

84 2701 342 2753 Fictitiis
365 2702 601 2768 pusulae
633 2701 688 2753 in
717 2699 992 2770 profundo
1025 2706 1311 2766 apparent,
1353 2699 1619 2778 scabritia
1637 2698 1695 2748 in

588 2786 596 2792 ·
775 2776 783 2801 l
