2017 3034
333 152 433 206 118
653 112 763 215 nc.
801 123 1076 225 parsu
1137 155 1512 210 ssscusm

336 255 687 319 Callistratus
729 246 1000 326 fulgorem
1048 261 1361 312 carbunculi
1388 258 1591 313 debere
1621 234 1918 312 candidum

326 330 458 376 'esse
480 325 666 390 positi,
712 332 958 380 extremo
980 328 1101 379 visu
1125 329 1489 381 nubilantcm:
1525 331 1577 380 si
1607 329 1921 390 attollatur,

332 393 821 446 exardescentem:
864 398 934 448 ob
970 398 1032 457 id
1062 412 1096 447 a
1127 397 1407 466 plerisque
1439 397 1581 448 h‘unc
1622 399 1921 449 carbuncu-

166 450 175 453 *
244 479 253 482 ’
333 461 448 511 lum
469 461 761 514 candidum
780 465 986 516 vocari.
1057 467 1170 528 Qui
1191 466 1509 533 languidius
1530 481 1595 517 ac
1615 466 1844 517 lividius
1863 478 1927 516 ex

314 529 541 586 „indicis
557 530 777 598 lucem,
806 533 1131 585 lithizontas
1154 536 1442 602 appellari.
1516 534 1924 586 Carchedonios

333 597 512 650 multo
532 601 951 654 minoresesse:
996 603 1215 654 Indicos
1238 604 1407 656 etiam
1431 605 1489 653 in
1511 603 1746 654 sextarii
1767 604 1922 654 unius

332 680 649 720 mensuram
671 671 874 721 cavari.
946 669 1266 735 Archelaus,
1287 669 1697 725 Carchedonios
1716 670 1921 739 hig-rio·

226 750 267 781 ¹.»
328 735 410 784 ris
433 741 690 802 aspectus
714 752 854 802 esse,
894 739 992 790 sed
1012 741 1160 806 igne,
1177 741 1268 792 vel
1290 739 1439 802 Sole,
1481 746 1538 792 et
1565 740 1921 792 inclinatione

327 804 538 867 acrius,
576 820 738 872 quam
764 813 1000 869 ceteros,
1041 809 1291 860 excitari.
1361 808 1601 860 Eosdem
1626 809 1923 861 umbrante

331 877 488 924 tecto
513 888 615 940 pur
654 888 817 934 ureos
836 876 1037 938 videri,
1077 878 1180 929 sub
1202 877 1359 930 caelo
1380 875 1687 940 flammeos,
1727 883 1923 931 contra

322 940 520 992 ,radios
543 941 616 995 So
642 943 690 992 is
727 950 785 994 et
813 944 1144 1001 scintillare:
1186 961 1340 999 ceras
1373 946 1719 1014 signantibus
1750 945 1842 998 his
1863 947 1923 997 li·

320 1022 611 1074 ,quesccre,
654 1012 974 1078 quamvisxin
1000 1027 1190 1080 opaco.
1260 1015 1431 1066 Multi
1452 1014 1669 1068 Indicos
1690 1013 1924 1068 Carche-

331 1075 511 1127 doniis
532 1077 880 1133 candidiores
901 1096 1045 1146 esse,
1069 1090 1127 1136 et
1149 1099 1181 1136 e
1205 1082 1422 1136 diverso
1442 1084 1810 1137 inclinatione
1830 1083 1924 1136 he·

328 1145 512 1196 betari
531 1147 839 1213 scripsere:
860 1151 1161 1204 etiamnum
1177 1154 1237 1204 in
1261 1152 1653 1206 Carchedoniis
1677 1153 1926 1204 maribus

329 1215 526 1265 stellas
556 1217 717 1268 intus
760 1218 971 1282 ardere,
1012 1220 1247 1274 feminas
1288 1223 1559 1290 fulgorem
1602 1222 1924 1275 universum

238 1345 248 1351 ἧ
326 1282 563 1339 fundere
586 1291 744 1337 extra
763 1302 840 1340 se.
910 1289 1276 1345 Alabandicus
1300 1292 1501 1343 ceteris
1535 1292 1811 1359 nigriores
1829 1305 1919 1355 es-

328 1365 389 1402 se
411 1353 759 1421 scabrosque.
797 1355 850 1407 N
853 1363 1115 1409 ascuutur
1136 1365 1194 1411 et
1209 1359 1268 1410 in
1289 1359 1533 1412 Thracia
1554 1359 1761 1411 coloris
1782 1362 1922 1412 eius·

328 1418 452 1471 dem
477 1454 493 1481 ‚
536 1423 718 1486 ignem
743 1426 966 1484 minime
989 1430 1326 1479 sentientes:
1381 1427 1802 1494 Theophrastus
1823 1442 1919 1480 au-

330 1491 456 1538 ctor
475 1493 578 1548 est,
623 1495 680 1539 et
711 1490 770 1540 in
802 1492 1147 1547 Orchomeno
1186 1496 1454 1548 Arcadiae
1486 1497 1741 1559 inveniri,
1783 1498 1923 1548 etin

224 1582 244 1594 κ
329 1554 487 1606 Chio.
540 1554 674 1607 Illos
696 1559 987 1626 nigriores,
1007 1579 1040 1614 e
1062 1564 1257 1631 quibus
1286 1570 1344 1617 et
1362 1565 1584 1631 specula
1603 1564 1743 1617 fleri.
1779 1567 1922 1617 Esse

329 1630 386 1673 et
405 1624 741 1676 Troezenios
760 1632 947 1681 varios
970 1631 1467 1687 intervenientibus
1490 1633 1722 1693 maculis
1746 1634 1917 1686 albiae

238 1748 245 1765 ι
322 1691 461 1742 item
487 1692 819 1758 Corinthios,
863 1704 918 1749 et
946 1699 1296 1766 pallidiores,
1335 1707 1395 1753 et
1424 1702 1706 1754 candidos.
1778 1702 1919 1753 Boc·

326 1756 461 1810 chus
485 1759 618 1812 etin
640 1763 1017 1829 Olisiponensi
1045 1769 1164 1820 erui
1187 1772 1408 1837 scripsit
1426 1805 1443 1833 ‚
1459 1775 1466 1781 ’
1482 1785 1681 1839 magno
1702 1769 1915 1834 labore,

328 1828 399 1878 ob
420 1842 483 1878 ar
522 1828 676 1881 illam
699 1830 829 1885 Sole
851 1835 1069 1888 adustis
1092 1837 1343 1897 saltibus.
1447 1838 1454 1840 *
1511 1856 1514 1865 ·
1607 1858 1612 1865 ·
1693 1899 1700 1903 ,

393 1843 596 1951 ΧΕΞἾ.
631 1899 686 1950 N
687 1915 750 1952 ec
771 1907 856 1953 est
877 1903 1031 1955 aliud
1054 1905 1369 1969 difficilius,
1407 1920 1573 1974 quam
1597 1903 1915 1960 discernere

322 1962 460 2016 haec
478 1980 710 2032 genera:
753 1977 911 2023 tanta
932 1975 1093 2025 estin
1117 1974 1198 2026 eis
1221 1978 1440 2029 occasio
1466 1976 1633 2039 artis,
1671 1977 1913 2028 subdit-is

320 2034 586 2099 per.quae
606 2039 947 2093 translucere
968 2049 1261 2109 cogantur.
1340 2046 1517 2099 Aiunt
1538 2045 1606 2097 ab
1629 2045 1914 2112 Aethiopi·

319 2101 426 2151 bus
444 2101 759 2157 hebetiores
776 2111 834 2158 in
846 2115 1005 2163 aceto
1023 2118 1331 2164 maceratos
1352 2112 1774 2182 quatuordecim
1796 2115 1911 2166 dis·

318 2167 424 2219 bus
458 2172 750 2235 nitescere,
789 2177 1025 2230 totidem
1069 2182 1352 2235 mensibus
1391 2183 1625 2235 durante
1665 2182 1912 2250 fulgore.

316 2236 717 2293 adulterantur
736 2243 884 2297 vitro
908 2245 1206 2310 simillime,
1226 2249 1326 2302 sed
1346 2258 1471 2304 cote
1497 2249 1912 2318 deprehendun-

232 2342 238 2349 .
320 2309 429 2366 tur,
470 2306 611 2358 sicut
633 2310 777 2363 aliae
795 2328 1045 2381 gemmae
1065 2314 1342 2370 factitiae:
1378 2318 1604 2371 mollior
1626 2323 1773 2371 enim
1788 2328 1907 2371 ma·

318 2373 484 2435 teria,
507 2381 564 2426 et
584 2372 833 2444 fragilis<
863 2387 927 2433 et
938 2388 1200 2442 centrosa
1219 2389 1383 2439 scobe
1406 2385 1911 2453 deprehenduntur,

320 2441 656 2521 etpondere,
680 2447 822 2510 quod
844 2450 1024 2503 minus
1047 2459 1135 2504 est
1151 2456 1373 2509 vitreis:
1415 2455 1717 2523 aliquando
1741 2462 1799 2509 et
1818 2471 1913 2523 pu-

319 2509 482 2562 stulis
507 2513 726 2577 argenti
746 2515 908 2569 modo
930 2520 1318 2576 relucentibus.
1390 2552 1396 2557 ·
1711 2555 1720 2559 ·
1846 2562 1854 2571 ,

387 2574 612 2660 xx4V11.
650 2580 755 2633 Est
776 2589 832 2634 et
852 2587 1175 2641 anthracitis
1196 2590 1481 2659 appellata
1495 2595 1558 2645 in
1571 2593 1914 2663 Thesprotia

317 2645 547 2710 fossilis,
585 2650 910 2706 carbonibus
933 2657 1156 2709 similis-2
1213 2661 1440 2714 Falsum
1464 2665 1731 2727 arbitror,
1762 2663 1909 2730 quod
