2017 3034
193 592 207 617 Χ

288 167 391 221 108
690 168 748 217 C.
783 164 1063 216 PLINII
1106 154 1479 215 SECUNDI

290 269 446 338 quasi
468 269 676 320 coloris
696 269 874 328 aurei,
899 273 955 318 et
980 267 1255 317 matutino
1282 263 1591 332 gratissimi
1613 267 1903 330 aspectus,-

287 340 707 404 rapacissimum
733 338 955 405 ignium,
998 342 1061 387 'et
1082 326 1132 384 si
1153 337 1311 385 iuxta
1336 322 1562 394 fuerint,
1595 333 1887 384 celerrime

289 407 601 460 ardescens,
674 407 799 456 Hoc
822 406 970 455 coilo
990 404 1376 470 adalligatum,
1401 399 1607 455 mederi
1633 399 1886 453 febribus

288 482 346 528 et
369 476 602 526 morbis:
637 478 829 525 tritum
853 489 974 523 cum
999 473 1166 525 melle
1189 488 1253 524 ac
1277 486 1525 534 rosaceo,
1569 474 1789 523 aurium
1805 466 1888 520 vi·

282 545 409 599 tiis:
455 549 513 594 et
528 544 585 601 si
621 558 741 594 cum
776 543 942 593 melle
966 544 1152 593 Attico
1190 547 1546 603 conteratur,
1593 540 1888 591 oculorum

289 629 506 681 quoque
529 611 976 662 obscuritatibus.
1003 610 1286 662 Stomachi
1311 610 1482 663 etiam
1505 609 1654 661 vitiis
1676 609 1766 661 vel
1789 621 1889 675 per

289 697 350 733 se
368 681 549 732 farina
572 684 689 731 eius
711 687 913 740 sumta,
932 680 1021 732 'vel
1041 695 1161 731 cum
1188 677 1455 731 mastiche
1478 694 1543 731 ex
1567 678 1713 746 aqua
1733 683 1889 744 pota.

289 750 527 803 Succina
550 751 717 801 etiam
740 750 989 816 genimis,
1005 764 1146 814 quae
1167 748 1711 808 sunt'translucidae,
1729 745 1893 797 adul·

287 819 539 871 terandis
556 834 808 885 magnum
835 817 1041 870 habent
1064 815 1892 884 locum5maximeamethystis,

291 904 415 941 cum
442 886 619 948 omni,
632 894 696 937 ut
718 888 978 948 diximus,
1001 887 1190 938 colore
1215 889 1521 953 tingantur.

361 959 510 1009 xiil.
548 957 937 1038 ngnnurio
985 958 1237 1020 proxime
1261 955 1374 1007 dici
1425 953 1575 1023 cogit
1598 960 1893 1006 auctorum

290 1028 620 1094 pertinacia.
695 1027 915 1091 Quippe
940 1026 1130 1086 etiam,
1151 1027 1198 1075 si
1222 1040 1329 1075 non
1354 1024 1619 1076 electrum
1640 1023 1699 1075 id
1722 1030 1874 1079 esset

292 1096 602 1162 lyncurium
644 1100 833 1146 tamen
872 1088 1669 1162 gemma‘ffeflsffcmteffdunt.
1731 1055 1895 1144 siff}

295 1170 482 1216 autem
526 1178 595 1214 ex
638 1164 802 1213 urina
843 1162 1306 1230 quidemxlyneis,
1346 1162 1442 1214 se‘d
1466 1164 1711 1228 egestam
1734 1166 1896 1213 terra

294 1233 555 1299 protinus
572 1232 754 1282 bestia
777 1232 1066 1298 operiente
1088 1246 1228 1294 eam,
1250 1233 1505 1298 quoniam
1529 1228 1896 1281 inrideat-ho·

214 1302 221 1307 ’
293 1302 505 1355 minum
526 1300 667 1351 usui.
728 1302 867 1352 Esse
891 1299 1097 1361 autem,
1124 1301 1341 1367 qualem
1362 1301 1416 1352 in
1441 1300 1616 1367 igneis
1637 1299 1897 1360 succinis,

199 1375 209 1383 ’
265 1382 269 1389 ’
295 1371 560 1430 colorem,
583 1371 887 1436 scalpique.
933 1370 1050 1421 Nec
1072 1369 1208 1420 folia
1229 1376 1442 1420 tantum
1468 1375 1565 1420 aut
1584 1373 1898 1419 stramenta

295 1439 369 1490 ad
389 1454 448 1490 se
471 1453 686 1503 rapere,
728 1440 825 1489 sed
846 1439 994 1489 aeris
1017 1441 1184 1490 etiam
1208 1453 1274 1488 ac
1294 1437 1430 1489 ferri
1449 1438 1701 1498 laminas,
1742 1433 1899 1501 quod

194 1520 199 1523 ·
293 1505 526 1561 Diocles
551 1507 767 1574 quidem
793 1515 849 1558 et
870 1506 1287 1572 Theophrastus
1312 1507 1504 1558 credit.
1544 1507 1667 1573 Ego
1691 1505 1897 1559 falsum

295 1575 353 1625 id
377 1581 556 1626 totum
582 1577 843 1635 arbitror,
867 1590 968 1625 nec
988 1577 1160 1626 visam
1183 1577 1240 1625 in
1264 1592 1401 1627 aevo
1417 1583 1606 1626 nostro
1620 1587 1899 1643 gemmam

297 1643 470 1694 ullam
513 1658 582 1694 ea
621 1643 1011 1709 appellatione,
1052 1650 1110 1695 et
1150 1644 1297 1711 quod
1343 1644 1413 1696 de
1434 1645 1708 1696 medicina
1729 1641 1902 1693 simul

297 1712 576 1780 proditur,
618 1711 864 1769 calculos
902 1715 1123 1764 vesicae
1168 1728 1234 1763 eo
1267 1720 1402 1778 poto
1429 1713 1582 1774 elidi,
1623 1720 1681 1764 et
1700 1712 1899 1763 morbo

296 1781 456 1848 regio
500 1780 735 1843 occurri,
773 1782 820 1831 si
861 1795 930 1833 ex
970 1781 1097 1832 vino
1137 1781 1382 1846 bibatur,
1418 1789 1519 1834 aut
1556 1782 1608 1833 si
1637 1788 1900 1849 portetur

298 1851 486 1902 etiam.

367 1915 517 1970 XlV.
555 1915 715 1969 Nunc
755 1931 1095 1985 gemmarum
1128 1919 1385 1971 confessa
1404 1933 1611 1988 genera
1632 1917 1902 1981 dicemus,

299 2001 334 2039 a
354 1986 757 2038 laudatissimis
782 1989 913 2038 orsi.
949 1990 1066 2040 Nec
1085 2003 1219 2039 vero
1244 1989 1299 2038 id
1323 1991 1503 2040 solum
1527 2003 1773 2056 agemus,
1797 1986 1900 2039 sed

298 2055 367 2107 ad
403 2058 665 2107 maiorem
712 2057 1010 2107 utilitatem
1045 2059 1191 2108 vitae
1215 2058 1398 2108 obiter
1421 2064 1757 2124 coarguetur
1776 2048 1935 2108 Mai-⁸

296 2139 491 2192 gorum
515 2125 741 2175 infanda
763 2126 1007 2184 vanitas,
1051 2127 1271 2190 quando
1295 2126 1380 2177 illi
1401 2128 1488 2180 vel
1511 2127 1750 2192 plurima
1774 2140 1902 2191 pro·

297 2193 488 2244 didere
531 2192 599 2243 de
642 2195 891 2261 gemmis,
934 2194 1241 2246 medicinae
1274 2198 1350 2247 ex*
1365 2193 1451 2248 his
1484 2195 1690 2247 blanda
1710 2194 1902 2262 specie

298 2261 554 2329 prodigia
574 2262 926 2329 transgressi.

368 2328 491 2381 XV.
527 2330 831 2380 Maximum
857 2331 911 2379 in
934 2330 1110 2381 rebus'
1122 2328 1397 2394 humanis,
1419 2345 1528 2382 non
1550 2330 1728 2382 solum
1747 2329 1903 2382 inter

299 2410 563 2464 gemmas,
583 2398 817 2462 pretium
840 2395 1007 2448 habet
1030 2398 1278 2458 adamas,
1298 2398 1396 2451 diu
1413 2415 1523 2451 non
1548 2394 1658 2450 nisi
1673 2399 1902 2466 regibus

299 2470 357 2517 et
377 2466 447 2515 iis
487 2464 782 2514 admodum
814 2467 1005 2529 paucis
1029 2469 1310 2534 cognitus,
1351 2470 1480 2520 auri·
1519 2468 1685 2520 modo
1705 2468 1761 2519 in
1789 2481 1903 2518 me·

302 2533 456 2584 taliis
479 2539 754 2597 repertus,
797 2545 1058 2598 perquam
1082 2548 1238 2586 raroz
1259 2542 1467 2588 —eomes
1489 2538 1633 2599 auri,
1671 2553 1774 2589 nec
1797 2536 1905 2586 nisi

303 2603 358 2652 in
386 2615 525 2652 auro
552 2601 701 2650 nasci
726 2598 1033 2652 videbatur.
1076 2599 1313 2655 Veteres
1335 2619 1455 2655 eum
1482 2606 1536 2656 in
1555 2605 1903 2673 Aethiopum

306 2676 521 2723 tantum
564 2668 807 2721 metallis
843 2669 1083 2721 inveniri
1126 2672 1536 2747 existimavere,
1575 2674 1727 2729 inter
1749 2675 1905 2733 delu-
