2017 3034
316 152 352 206 8
410 160 413 163 ·
560 141 564 145 “
715 152 775 204 c.
829 148 1111 205 PL1N11
1156 148 1546 206 summm
1614 175 1620 183 ·

317 254 431 309 lem
474 269 597 308 esse
613 288 633 318 ,
672 254 828 307 salva
865 257 1068 309 aetatis
1110 253 1433 306 differentia
1453 288 1470 314 ‚
1522 249 1923 317 supervolante

315 324 508 391 aquila
530 323 822 377 draconem
847 323 1158 389 complexa.
1238 321 1606 401 Qlochares
1627 319 1734 370 hoc
1754 333 1926 373 suum

316 407 465 458 opus
483 408 605 444 esse
624 398 862 445 testatus
907 400 1009 444 est.
1083 394 1380 455 Immensa,
1409 390 1512 442 “vel
1532 402 1695 440 unam
1722 388 1772 439 si
1794 388 1927 454 quin
2003 406 2006 413 ⁴

319 468 539 513 tantum
563 461 703 513 hanc
723 461 972 517 tabulam
998 461 1276 523 aestimet,
1321 460 1575 528 potentia
1594 459 1750 519 artis,
1798 472 1932 508 cum

317 537 548 597 propter
584 530 990 593 philocharem,
1031 531 1470 598 ignobilissimos
1504 527 1718 594 alioqui
1747 525 1932 577 clau:-
2005 538 2008 563 l

270 640 275 644 .
320 600 532 652 cionem
555 598 837 667 filiumque
862 601 978 655 eius
1001 601 1364 666 Aristippum,
1407 605 1634 650 senatus
1658 595 1924 662 populus-

319 680 426 734 que
446 669 723 720 Romanus
743 676 829 721 tot
847 670 1055 723 seculis
1077 677 1311 735 spectet.
1362 667 1556 720 Posuit
1577 673 1636 717 et
1658 665 1927 716 Tiberius

320 738 527 788 Caesar
562 738 793 791 minime
834 739 1007 792 comis
1050 740 1378 804 Imperator,
1399 740 1458 791 iu
1497 726 1709 803 templo
1741 733 1925 800 ipsius

318 805 573 872 Augusti,
598 822 734 872 quas
757 823 886 859 mox
906 808 1292 860 indicabimus.
1646 840 1652 847 ·

218 928 227 931 ,
336 888 342 899 ·
386 874 481 925 Xl.
501 875 1018 928 Hactenus’dictum
1042 877 1119 927 sit
1143 877 1213 928 de
1231 877 1504 943 dig-nitate
1524 874 1661 941 artis
1681 871 1924 923 morien·
2011 856 2012 927 Ῑ

316 943 387 994 tis
479 943 690 1004 Quibus
714 946 994 996 coloribus
1018 941 1262 1013 singulis'
1276 947 1443 1010 primi
1462 938 1788 1011 pinxissent,
1807 942 1816 949 ’
1832 934 1928 992 df·-

315 1002 522 1075 ximus,
566 1029 689 1064 cum
728 1015 797 1066 de
837 1016 1136 1081 pig-mentis
1178 1013 1521 1065 traderemus
1552 1012 1613 1062 in
1653 1009 1923 1062 metallis.

318 1083 426 1143 Qui
450 1082 942 1134 monochromatea
963 1097 1170 1149 genera
1188 1084 1444 1148 picturae
1465 1080 1799 1142 vocaverint,
1822 1079 1925 1146 qui
2013 1074 2014 1135 1

317 1149 537 1212 deindo,
580 1156 636 1202 et
659 1165 797 1217 quae
818 1152 1017 1219 quibus
1039 1152 1386 1217 temporibus
1409 1153 1738 1212 invenerint,
1777 1149 1927 1201 dice.
2013 1152 2014 1155 ’

260 1218 272 1237 ‘
316 1233 437 1268 mus
459 1217 522 1268 in
544 1221 826 1273 mentione
856 1222 1158 1283 artificum,
1200 1221 1458 1289 quoniam
1488 1219 1738 1271 indicare
1757 1216 1925 1284 natu·

315 1303 411 1338 ras
434 1287 713 1353 colorum,
753 1305 926 1342 causa
946 1291 1193 1342 instituti
1218 1291 1402 1355 operis
1425 1290 1579 1356 prior
1600 1294 1705 1341 est.
1774 1289 1927 1339 Tan·
2015 1290 2016 1341 1

317 1356 442 1408 dem
469 1372 530 1407 se
552 1374 643 1410 ars
663 1359 788 1424 ipsa
807 1359 1085 1428 distinxit,
1102 1365 1158 1411 et
1179 1359 1386 1411 invenit
1406 1359 1590 1410 lumen
1613 1364 1779 1424 atque
1802 1372 1926 1408 um-

316 1427 463 1487 bras,
486 1423 1068 1481 differentia'colorum
1096 1428 1313 1480 alterna
1330 1429 1449 1479 vice
1472 1443 1594 1478 sese
1617 1430 1924 1489 excitante.

313 1493 532 1545 Deinde
552 1495 805 1547 adiectus
828 1503 915 1548 est
935 1494 1216 1564 splendor,
1229 1497 1372 1547 alius
1400 1497 1490 1548 hic
1511 1513 1673 1563 quam
1699 1496 1890 1559 lumen
1907 1513 1924 1546 ι

316 1572 475 1629 quem
499 1565 628 1629 quia
648 1565 795 1616 inter
814 1563 919 1616 hoc
943 1572 1000 1616 et
1023 1569 1273 1618 umbram
1298 1572 1462 1628 esset,
1493 1565 1929 1633 appellaverunt

238 1676 244 1681 .
315 1640 520 1693 tonon=
566 1634 957 1686 commissuras
978 1649 1111 1687 vero
1135 1635 1384 1688 colorum
1408 1642 1466 1688 et
1485 1635 1773 1696 transitus,
1795 1632 1926 1686 har-

315 1712 535 1767 mogen.
1085 1710 1092 1721 “

357 1810 365 1826 ,
385 1769 504 1822 xn.
520 1770 661 1822 Sunt
681 1776 867 1823 autem
886 1772 1104 1824 colores
1116 1774 1344 1837 austeri,
1358 1780 1457 1826 aut
1468 1773 1672 1826 floridi.
1697 1772 1928 1823 Utrum-

216 1890 223 1899 ,
315 1854 420 1906 que
446 1849 659 1902 natura,
693 1847 788 1891 aut
810 1841 1050 1904 mixtura
1071 1843 1273 1894 evenit.
1346 1844 1563 1895 Floridi
1588 1834 1756 1917 suxit,-
1776 1854 1925 1908 quos

315 1907 570 1961 dominus
593 1910 848 1977 pingenti
871 1919 1139 1976 praestat:
1179 1912 1424 1975 minium,
1444 1911 1779 1972 Armenium,
1804 1910 1924 1960 cin-

313 1978 556 2043 nabaris,
581 1979 955 2047 chrysocolla,
980 1982 1250 2042 Indicum,
1273 1983 1675 2048 purpurissum.
1749 1980 1922 2030 Cete-

313 2048 365 2097 ri
404 2050 663 2113 austeri„
707 2049 792 2100 Ex
830 2052 1092 2102 omnibus
1136 2051 1239 2102 alii
1259 2058 1576 2113 nascuntur,
1618 2049 1721 2101 alii
1757 2050 1924 2101 flunt.

315 2114 632 2170 Nascuntur
653 2117 894 2186 Sinopis,
938 2121 1180 2182 rubrica,
1204 2120 1606 2186 paraetonium,
1626 2117 1927 2180 melinum,

244 2198 259 2209 “
316 2183 558 2248 Eretria,
584 2190 1072 2256 auripigmentum.
1119 2189 1304 2251 Ceteri
1328 2190 1628 2255 finguntur,
1651 2186 1928 2253 primum·

315 2267 424 2317 que
448 2260 585 2324 quos
612 2257 667 2307 in
700 2259 947 2309 metallis
983 2259 1245 2310 diximus.
1317 2256 1623 2311 Praeterea
1654 2272 1685 2308 e
1705 2255 1931 2306 viliori-

313 2320 437 2387 bus,
461 2324 649 2385 ochra‚
691 2341 913 2379 cerussa
931 2335 1076 2390 usta,
1090 2325 1456 2392 sandaracha,
1495 2326 1730 2395 sandyx,
1763 2323 1935 2393 Syri-

315 2406 459 2453 cum,
509 2401 893 2447 atramentum.
1431 2414 1438 2419 “

386 2460 535 2513 xlu.
571 2460 792 2527 Sinopis
814 2464 1042 2515 inventa
1060 2468 1146 2515 est
1169 2464 1407 2529 primum
1429 2465 1486 2514 in
1507 2463 1724 2514 Pontoz
1783 2461 1930 2516 inde
2015 2518 2016 2521 ,

315 2544 515 2583 nomen
539 2544 573 2578 a
593 2529 798 2596 Sinope
820 2532 970 2598 urbe.
1043 2532 1308 2601 Nascitur
1331 2539 1388 2584 et
1408 2535 1461 2582 in
1485 2535 1738 2599 Aegypto
1756 2566 1772 2594 ,
1811 2529 1930 2584 Ba-

281 2597 584 2660 „leat-ibus,
608 2598 821 2652 Africa:
856 2600 954 2652 sed
978 2596 1190 2665 optima
1212 2603 1268 2651 in
1290 2600 1520 2663 Lemno,
1542 2608 1600 2652 et
1618 2604 1677 2653 in
1697 2601 1923 2665 Cappa-

316 2666 509 2732 docia,
551 2667 756 2722 effossa
799 2683 830 2720 e
872 2668 1173 2736 speluncis.
1245 2671 1400 2732 Quae
1443 2671 1592 2722 saxis
1633 2669 1925 2734 adhaesit,
