<?xml version="1.0" encoding="UTF-8"?>
<!DOCTYPE html PUBLIC "-//W3C//DTD XHTML 1.0 Transitional//EN"
    "http://www.w3.org/TR/xhtml1/DTD/xhtml1-transitional.dtd">
<html xmlns="http://www.w3.org/1999/xhtml" xml:lang="en" lang="en">
 <head>
  <title>
</title>
<meta http-equiv="Content-Type" content="text/html;charset=utf-8" />
  <meta name='ocr-system' content='tesseract 3.04.00' />
  <meta name='ocr-capabilities' content='ocr_page ocr_carea ocr_par ocr_line ocrx_word'/>
</head>
<body>
  <div class='ocr_page' id='page_1' title='image "./caiipliniisecun05plingoog_0128.png"; bbox 0 0 2017 3034; ppageno 0'>
   <div class='ocr_carea' id='block_1_1' title="bbox 1761 66 1802 85">
    <p class='ocr_par' dir='ltr' id='par_1_1' title="bbox 1761 66 1802 85">
     <span class='ocr_line' id='line_1_1' title="bbox 1761 66 1802 85; baseline 0 0"><span class='ocrx_word' id='word_1_1' title='bbox 1761 66 1802 85; x_wconf 64' lang='grc' dir='ltr'><strong>ιι,</strong></span> 
     </span>
    </p>
   </div>
   <div class='ocr_carea' id='block_1_2' title="bbox 299 82 1556 201">
    <p class='ocr_par' dir='ltr' id='par_1_2' title="bbox 299 82 1556 201">
     <span class='ocr_line' id='line_1_2' title="bbox 299 82 1556 201; baseline -0.007 -12"><span class='ocrx_word' id='word_1_2' title='bbox 299 130 404 189; x_wconf 82' lang='lat'><strong>120</strong></span> <span class='ocrx_word' id='word_1_3' title='bbox 672 128 736 187; x_wconf 87' lang='lat' dir='ltr'><strong>c.</strong></span> <span class='ocrx_word' id='word_1_4' title='bbox 788 126 1071 191; x_wconf 68' lang='grc' dir='ltr'><strong>ΡιιΝιι,</strong></span> <span class='ocrx_word' id='word_1_5' title='bbox 1124 82 1556 201; x_wconf 50' lang='lat' dir='ltr'><strong>saeuum]</strong></span> 
     </span>
    </p>
   </div>
   <div class='ocr_carea' id='block_1_3' title="bbox 290 206 1958 367">
    <p class='ocr_par' dir='ltr' id='par_1_3' title="bbox 290 206 1958 367">
     <span class='ocr_line' id='line_1_3' title="bbox 301 206 1886 300; baseline -0.005 -8"><span class='ocrx_word' id='word_1_6' title='bbox 301 235 555 295; x_wconf 82' lang='lat' dir='ltr'><strong>Secunda</strong></span> <span class='ocrx_word' id='word_1_7' title='bbox 573 235 829 288; x_wconf 83' lang='lat' dir='ltr'><strong>bonitate</strong></span> <span class='ocrx_word' id='word_1_8' title='bbox 846 232 1048 284; x_wconf 84' lang='lat' dir='ltr'><strong>similis</strong></span> <span class='ocrx_word' id='word_1_9' title='bbox 1070 237 1156 286; x_wconf 83' lang='lat' dir='ltr'><strong>est</strong></span> <span class='ocrx_word' id='word_1_10' title='bbox 1175 206 1350 294; x_wconf 73' lang='lat' dir='ltr'><strong>Ionia,</strong></span> <span class='ocrx_word' id='word_1_11' title='bbox 1382 231 1663 300; x_wconf 81' lang='lat' dir='ltr'><strong>appellata</strong></span> <span class='ocrx_word' id='word_1_12' title='bbox 1677 242 1714 283; x_wconf 85' lang='lat' dir='ltr'><strong>a</strong></span> <span class='ocrx_word' id='word_1_13' title='bbox 1732 243 1886 299; x_wconf 85' lang='lat' dir='ltr'><strong>prae·</strong></span> 
     </span>
     <span class='ocr_line' id='line_1_4' title="bbox 290 298 1958 367; baseline -0.007 -7"><span class='ocrx_word' id='word_1_14' title='bbox 290 308 434 367; x_wconf 78' lang='lat' dir='ltr'><strong>latis</strong></span> <span class='ocrx_word' id='word_1_15' title='bbox 454 298 717 357; x_wconf 80' lang='lat' dir='ltr'><strong>floribus.&#39;</strong></span> <span class='ocrx_word' id='word_1_16' title='bbox 770 303 847 353; x_wconf 82' lang='lat' dir='ltr'><strong>Et</strong></span> <span class='ocrx_word' id='word_1_17' title='bbox 890 302 1037 354; x_wconf 84' lang='lat' dir='ltr'><strong>inter</strong></span> <span class='ocrx_word' id='word_1_18' title='bbox 1079 300 1179 355; x_wconf 79' lang='lat' dir='ltr'><strong>ha‘s</strong></span> <span class='ocrx_word' id='word_1_19' title='bbox 1218 300 1435 354; x_wconf 72' lang='lat' dir='ltr'><strong>invenio</strong></span> <span class='ocrx_word' id='word_1_20' title='bbox 1478 302 1886 355; x_wconf 70' lang='lat' dir='ltr'><strong>differentiam:</strong></span> <span class='ocrx_word' id='word_1_21' title='bbox 1957 304 1958 307; x_wconf 75' lang='grc'>’</span> 
     </span>
    </p>
   </div>
   <div class='ocr_carea' id='block_1_4' title="bbox 196 372 1891 441">
    <p class='ocr_par' dir='ltr' id='par_1_4' title="bbox 196 372 1891 441">
     <span class='ocr_line' id='line_1_5' title="bbox 196 372 1891 441; baseline -0.007 -12"><span class='ocrx_word' id='word_1_22' title='bbox 196 425 201 429; x_wconf 77' lang='grc'><strong>.</strong></span> <span class='ocrx_word' id='word_1_23' title='bbox 298 391 464 428; x_wconf 88' lang='lat' dir='ltr'><strong>unam</strong></span> <span class='ocrx_word' id='word_1_24' title='bbox 486 389 624 441; x_wconf 89' lang='lat' dir='ltr'><strong>quae</strong></span> <span class='ocrx_word' id='word_1_25' title='bbox 685 385 893 438; x_wconf 87' lang='lat' dir='ltr'><strong>urpura</strong></span> <span class='ocrx_word' id='word_1_26' title='bbox 912 372 1133 423; x_wconf 84' lang='lat' dir='ltr'><strong>radiat:</strong></span> <span class='ocrx_word' id='word_1_27' title='bbox 1177 372 1413 423; x_wconf 87' lang='lat' dir='ltr'><strong>alteram</strong></span> <span class='ocrx_word' id='word_1_28' title='bbox 1435 385 1577 438; x_wconf 88' lang='lat' dir='ltr'><strong>quae</strong></span> <span class='ocrx_word' id='word_1_29' title='bbox 1597 384 1766 424; x_wconf 86' lang='lat' dir='ltr'><strong>cocco</strong></span> <span class='ocrx_word' id='word_1_30' title='bbox 1787 376 1829 421; x_wconf 74' lang='grc' dir='ltr'><strong>ε·</strong></span> <span class='ocrx_word' id='word_1_31' title='bbox 1854 380 1891 417; x_wconf 89' lang='lat' dir='ltr'><strong>a</strong></span> 
     </span>
    </p>
   </div>
   <div class='ocr_carea' id='block_1_5' title="bbox 204 440 2017 2574">
    <p class='ocr_par' dir='ltr' id='par_1_5' title="bbox 204 440 2017 2574">
     <span class='ocr_line' id='line_1_6' title="bbox 301 440 1893 509; baseline -0.006 -12"><span class='ocrx_word' id='word_1_32' title='bbox 301 445 432 498; x_wconf 89' lang='lat' dir='ltr'><strong>Sole</strong></span> <span class='ocrx_word' id='word_1_33' title='bbox 472 442 628 496; x_wconf 82' lang='lat' dir='ltr'><strong>excal</strong></span> <span class='ocrx_word' id='word_1_34' title='bbox 661 444 832 504; x_wconf 85' lang='lat' dir='ltr'><strong>actas,</strong></span> <span class='ocrx_word' id='word_1_35' title='bbox 875 445 978 491; x_wconf 86' lang='lat' dir='ltr'><strong>aut</strong></span> <span class='ocrx_word' id='word_1_36' title='bbox 1001 440 1308 509; x_wconf 70' lang='lat' dir='ltr'><strong>digitorum</strong></span> <span class='ocrx_word' id='word_1_37' title='bbox 1328 441 1541 502; x_wconf 79' lang='lat' dir='ltr'><strong>attritu,</strong></span> <span class='ocrx_word' id='word_1_38' title='bbox 1583 440 1791 507; x_wconf 80' lang='lat' dir='ltr'><strong>paleas,</strong></span> <span class='ocrx_word' id='word_1_39' title='bbox 1831 442 1893 488; x_wconf 80' lang='lat' dir='ltr'><strong>et</strong></span> 
     </span>
     <span class='ocr_line' id='line_1_7' title="bbox 300 506 1652 576; baseline -0.005 -10"><span class='ocrx_word' id='word_1_40' title='bbox 300 514 614 566; x_wconf 75' lang='lat' dir='ltr'><strong>chartarum</strong></span> <span class='ocrx_word' id='word_1_41' title='bbox 635 510 779 563; x_wconf 71' lang='lat' dir='ltr'><strong>folia</strong></span> <span class='ocrx_word' id='word_1_42' title='bbox 799 506 871 558; x_wconf 88' lang='lat' dir='ltr'><strong>ad</strong></span> <span class='ocrx_word' id='word_1_43' title='bbox 893 524 952 559; x_wconf 91' lang='lat' dir='ltr'><strong>se</strong></span> <span class='ocrx_word' id='word_1_44' title='bbox 975 523 1194 576; x_wconf 82' lang='lat' dir='ltr'><strong>rapere.</strong></span> <span class='ocrx_word' id='word_1_45' title='bbox 1645 572 1652 576; x_wconf 69' lang='lat'><em>,</em></span> 
     </span>
     <span class='ocr_line' id='line_1_8' title="bbox 204 573 1896 639; baseline -0.005 -6"><span class='ocrx_word' id='word_1_46' title='bbox 204 614 213 639; x_wconf 71' lang='lat'>2</span> <span class='ocrx_word' id='word_1_47' title='bbox 326 576 331 582; x_wconf 83' lang='grc'><strong>’</strong></span> <span class='ocrx_word' id='word_1_48' title='bbox 367 578 552 632; x_wconf 87' lang='lat' dir='ltr'>XXX.</span> <span class='ocrx_word' id='word_1_49' title='bbox 589 579 715 631; x_wconf 86' lang='lat' dir='ltr'><strong>Hoc</strong></span> <span class='ocrx_word' id='word_1_50' title='bbox 745 576 896 629; x_wconf 87' lang='lat' dir='ltr'><strong>idem</strong></span> <span class='ocrx_word' id='word_1_51' title='bbox 932 581 989 627; x_wconf 89' lang='lat' dir='ltr'><strong>et</strong></span> <span class='ocrx_word' id='word_1_52' title='bbox 1010 574 1421 628; x_wconf 63' lang='lat' dir='ltr'><strong>Carchaionius</strong></span> <span class='ocrx_word' id='word_1_53' title='bbox 1452 575 1638 627; x_wconf 78' lang='lat' dir='ltr'><strong>facere</strong></span> <span class='ocrx_word' id='word_1_54' title='bbox 1671 573 1896 634; x_wconf 76' lang='lat' dir='ltr'><strong>dicitur,</strong></span> 
     </span>
     <span class='ocr_line' id='line_1_9' title="bbox 301 640 1897 718; baseline -0.006 -17"><span class='ocrx_word' id='word_1_55' title='bbox 301 663 614 718; x_wconf 73' lang='lat' dir='ltr'><strong>quanquam</strong></span> <span class='ocrx_word' id='word_1_56' title='bbox 645 646 823 698; x_wconf 87' lang='lat' dir='ltr'><strong>multo</strong></span> <span class='ocrx_word' id='word_1_57' title='bbox 855 644 1025 697; x_wconf 80' lang='lat' dir='ltr'><strong>vilior</strong></span> <span class='ocrx_word' id='word_1_58' title='bbox 1055 644 1375 712; x_wconf 83' lang='lat' dir='ltr'><strong>praedictis.</strong></span> <span class='ocrx_word' id='word_1_59' title='bbox 1445 644 1709 697; x_wconf 76' lang='lat' dir='ltr'><strong>Nascitur</strong></span> <span class='ocrx_word' id='word_1_60' title='bbox 1745 640 1897 708; x_wconf 81' lang='lat' dir='ltr'><strong>apud</strong></span> 
     </span>
     <span class='ocr_line' id='line_1_10' title="bbox 299 711 1899 780; baseline -0.006 -10"><span class='ocrx_word' id='word_1_61' title='bbox 299 721 642 774; x_wconf 79' lang='lat' dir='ltr'>Nasamonas</span> <span class='ocrx_word' id='word_1_62' title='bbox 672 716 734 767; x_wconf 92' lang='lat' dir='ltr'><strong>in</strong></span> <span class='ocrx_word' id='word_1_63' title='bbox 769 714 1070 777; x_wconf 85' lang='lat' dir='ltr'><strong>montibus,</strong></span> <span class='ocrx_word' id='word_1_64' title='bbox 1111 713 1429 777; x_wconf 30' lang='lat' dir='ltr'><strong>tit-incolae</strong></span> <span class='ocrx_word' id='word_1_65' title='bbox 1463 718 1683 780; x_wconf 82' lang='lat' dir='ltr'><strong>putant,</strong></span> <span class='ocrx_word' id='word_1_66' title='bbox 1717 711 1899 764; x_wconf 80' lang='lat' dir='ltr'><strong>imbre</strong></span> 
     </span>
     <span class='ocr_line' id='line_1_11' title="bbox 303 782 1900 851; baseline -0.006 -11"><span class='ocrx_word' id='word_1_67' title='bbox 303 788 510 840; x_wconf 86' lang='lat' dir='ltr'><strong>divino.</strong></span> <span class='ocrx_word' id='word_1_68' title='bbox 580 785 861 838; x_wconf 81' lang='lat' dir='ltr'><strong>Invenitur</strong></span> <span class='ocrx_word' id='word_1_69' title='bbox 881 782 952 834; x_wconf 90' lang='lat' dir='ltr'><strong>ad</strong></span> <span class='ocrx_word' id='word_1_70' title='bbox 981 796 1367 851; x_wconf 83' lang='lat' dir='ltr'><strong>repercussum</strong></span> <span class='ocrx_word' id='word_1_71' title='bbox 1398 783 1618 845; x_wconf 87' lang='lat' dir='ltr'><strong>Lunae,</strong></span> <span class='ocrx_word' id='word_1_72' title='bbox 1656 783 1900 834; x_wconf 81' lang='lat' dir='ltr'><strong>maxime</strong></span> 
     </span>
     <span class='ocr_line' id='line_1_12' title="bbox 299 846 1902 926; baseline -0.004 -19"><span class='ocrx_word' id='word_1_73' title='bbox 299 856 517 926; x_wconf 79' lang='lat' dir='ltr'><strong>plenae.</strong></span> <span class='ocrx_word' id='word_1_74' title='bbox 587 852 983 921; x_wconf 85' lang='lat' dir='ltr'><strong>Carthaginem</strong></span> <span class='ocrx_word' id='word_1_75' title='bbox 1006 852 1283 918; x_wconf 85' lang='lat' dir='ltr'><strong>quondam</strong></span> <span class='ocrx_word' id='word_1_76' title='bbox 1314 851 1762 918; x_wconf 75' lang='lat' dir='ltr'><strong>deportabatur..</strong></span> <span class='ocrx_word' id='word_1_77' title='bbox 1797 846 1902 904; x_wconf 56' lang='lat' dir='ltr'><strong>Aru</strong></span> 
     </span>
     <span class='ocr_line' id='line_1_13' title="bbox 305 917 1903 995; baseline -0.005 -18"><span class='ocrx_word' id='word_1_78' title='bbox 305 924 532 977; x_wconf 88' lang='lat' dir='ltr'><strong>chelaus</strong></span> <span class='ocrx_word' id='word_1_79' title='bbox 554 928 610 975; x_wconf 90' lang='lat' dir='ltr'><strong>et</strong></span> <span class='ocrx_word' id='word_1_80' title='bbox 630 925 686 973; x_wconf 86' lang='lat' dir='ltr'><strong>in</strong></span> <span class='ocrx_word' id='word_1_81' title='bbox 707 923 961 989; x_wconf 81' lang='lat' dir='ltr'><strong>Aegypto</strong></span> <span class='ocrx_word' id='word_1_82' title='bbox 986 922 1140 973; x_wconf 89' lang='lat' dir='ltr'><strong>circa</strong></span> <span class='ocrx_word' id='word_1_83' title='bbox 1161 918 1381 974; x_wconf 79' lang='lat' dir='ltr'><strong>Thebas</strong></span> <span class='ocrx_word' id='word_1_84' title='bbox 1404 922 1559 972; x_wconf 87' lang='lat' dir='ltr'><strong>nasci</strong></span> <span class='ocrx_word' id='word_1_85' title='bbox 1576 920 1766 995; x_wconf 47' lang='lat' dir='ltr'><strong>tradite</strong></span> <span class='ocrx_word' id='word_1_86' title='bbox 1784 917 1903 970; x_wconf 78' lang='lat' dir='ltr'><strong>fra·</strong></span> 
     </span>
     <span class='ocr_line' id='line_1_14' title="bbox 306 987 1902 1063; baseline -0.004 -19"><span class='ocrx_word' id='word_1_87' title='bbox 306 995 470 1063; x_wconf 82' lang='lat' dir='ltr'><strong>giles,</strong></span> <span class='ocrx_word' id='word_1_88' title='bbox 492 1006 743 1053; x_wconf 72' lang='lat' dir='ltr'><strong>venosus,</strong></span> <span class='ocrx_word' id='word_1_89' title='bbox 768 989 1137 1042; x_wconf 87' lang='lat' dir='ltr'><strong>morientibus</strong></span> <span class='ocrx_word' id='word_1_90' title='bbox 1160 990 1488 1042; x_wconf 83' lang='lat' dir='ltr'><strong>carbonibus</strong></span> <span class='ocrx_word' id='word_1_91' title='bbox 1511 990 1744 1041; x_wconf 83' lang='lat' dir='ltr'><strong>similes.</strong></span> <span class='ocrx_word' id='word_1_92' title='bbox 1791 987 1902 1039; x_wconf 90' lang='lat' dir='ltr'><strong>Po·</strong></span> 
     </span>
     <span class='ocr_line' id='line_1_15' title="bbox 305 1057 1906 1126; baseline -0.004 -12"><span class='ocrx_word' id='word_1_93' title='bbox 305 1063 458 1114; x_wconf 88' lang='lat' dir='ltr'><strong>toria</strong></span> <span class='ocrx_word' id='word_1_94' title='bbox 478 1075 632 1123; x_wconf 80' lang='lat' dir='ltr'><strong>vasa,</strong></span> <span class='ocrx_word' id='word_1_95' title='bbox 675 1064 732 1112; x_wconf 86' lang='lat' dir='ltr'><strong>et</strong></span> <span class='ocrx_word' id='word_1_96' title='bbox 751 1075 821 1112; x_wconf 83' lang='lat' dir='ltr'><strong>ex</strong></span> <span class='ocrx_word' id='word_1_97' title='bbox 840 1057 947 1110; x_wconf 89' lang='lat' dir='ltr'><strong>hoc</strong></span> <span class='ocrx_word' id='word_1_98' title='bbox 966 1058 1177 1125; x_wconf 87' lang='lat' dir='ltr'><strong>lapide,</strong></span> <span class='ocrx_word' id='word_1_99' title='bbox 1208 1065 1265 1111; x_wconf 89' lang='lat' dir='ltr'><strong>et</strong></span> <span class='ocrx_word' id='word_1_100' title='bbox 1286 1073 1350 1111; x_wconf 86' lang='lat' dir='ltr'><strong>ex</strong></span> <span class='ocrx_word' id='word_1_101' title='bbox 1373 1059 1619 1126; x_wconf 81' lang='lat' dir='ltr'><strong>lychnite</strong></span> <span class='ocrx_word' id='word_1_102' title='bbox 1640 1058 1906 1123; x_wconf 59' lang='lat' dir='ltr'><strong>factitata</strong></span> 
     </span>
     <span class='ocr_line' id='line_1_16' title="bbox 304 1127 1905 1197; baseline -0.003 -15"><span class='ocrx_word' id='word_1_103' title='bbox 304 1128 563 1182; x_wconf 76' lang='lat' dir='ltr'><strong>invenio.&#39;</strong></span> <span class='ocrx_word' id='word_1_104' title='bbox 618 1129 1027 1197; x_wconf 30' lang='lat' dir='ltr'><strong>Omnia-autem</strong></span> <span class='ocrx_word' id='word_1_105' title='bbox 1051 1127 1192 1181; x_wconf 87' lang='lat' dir='ltr'><strong>haec</strong></span> <span class='ocrx_word' id='word_1_106' title='bbox 1210 1129 1754 1196; x_wconf 78' lang='lat' dir='ltr'><strong>genera¹scalpturae</strong></span> <span class='ocrx_word' id='word_1_107' title='bbox 1772 1140 1905 1179; x_wconf 86' lang='lat' dir='ltr'><strong>con·</strong></span> 
     </span>
     <span class='ocr_line' id='line_1_17' title="bbox 306 1198 1956 1265; baseline -0.004 -14"><span class='ocrx_word' id='word_1_108' title='bbox 306 1198 607 1251; x_wconf 88' lang='lat' dir='ltr'><strong>tumaciter</strong></span> <span class='ocrx_word' id='word_1_109' title='bbox 648 1198 941 1263; x_wconf 83' lang='lat' dir='ltr'><strong>resistunt,</strong></span> <span class='ocrx_word' id='word_1_110' title='bbox 981 1203 1305 1265; x_wconf 80' lang='lat' dir='ltr'><strong>partemque</strong></span> <span class='ocrx_word' id='word_1_111' title='bbox 1346 1200 1511 1252; x_wconf 79' lang='lat' dir='ltr'><strong>cerae</strong></span> <span class='ocrx_word' id='word_1_112' title='bbox 1540 1198 1601 1256; x_wconf 82' lang='lat' dir='ltr'><strong>in</strong></span> <span class='ocrx_word' id='word_1_113' title='bbox 1626 1198 1788 1265; x_wconf 75' lang='lat' dir='ltr'><strong>signo</strong></span> <span class='ocrx_word' id='word_1_114' title='bbox 1820 1201 1905 1250; x_wconf 83' lang='lat' dir='ltr'><strong>te·</strong></span> <span class='ocrx_word' id='word_1_115' title='bbox 1947 1235 1956 1245; x_wconf 91' lang='lat'><strong>.</strong></span> 
     </span>
     <span class='ocr_line' id='line_1_18' title="bbox 256 1270 1823 1323; baseline -0.002 -1"><span class='ocrx_word' id='word_1_116' title='bbox 256 1292 261 1297; x_wconf 48' lang='lat'>1</span> <span class='ocrx_word' id='word_1_117' title='bbox 307 1275 493 1322; x_wconf 55' lang='lat' dir='ltr'><strong>nent«</strong></span> <span class='ocrx_word' id='word_1_118' title='bbox 581 1317 591 1323; x_wconf 85' lang='grc'>,</span> <span class='ocrx_word' id='word_1_119' title='bbox 650 1270 657 1277; x_wconf 79' lang='grc'><strong><em>’</em></strong></span> <span class='ocrx_word' id='word_1_120' title='bbox 1109 1282 1116 1285; x_wconf 89' lang='grc'><strong><em>·</em></strong></span> <span class='ocrx_word' id='word_1_121' title='bbox 1397 1295 1422 1308; x_wconf 55' lang='lat'><em>2</em></span> <span class='ocrx_word' id='word_1_122' title='bbox 1815 1288 1823 1292; x_wconf 92' lang='lat'>·</span> 
     </span>
     <span class='ocr_line' id='line_1_19' title="bbox 375 1333 1911 1403; baseline -0.001 -14"><span class='ocrx_word' id='word_1_123' title='bbox 375 1335 581 1389; x_wconf 88' lang='lat' dir='ltr'>XXXI.</span> <span class='ocrx_word' id='word_1_124' title='bbox 618 1334 666 1387; x_wconf 84' lang='lat' dir='ltr'><strong>E</strong></span> <span class='ocrx_word' id='word_1_125' title='bbox 702 1335 927 1389; x_wconf 79' lang='lat' dir='ltr'><strong>diverso</strong></span> <span class='ocrx_word' id='word_1_126' title='bbox 959 1334 1031 1387; x_wconf 87' lang='lat' dir='ltr'><strong>ad</strong></span> <span class='ocrx_word' id='word_1_127' title='bbox 1062 1333 1172 1391; x_wconf 85' lang='lat' dir='ltr'><strong>hoe</strong></span> <span class='ocrx_word' id='word_1_128' title='bbox 1201 1335 1371 1388; x_wconf 82' lang='lat' dir='ltr'><strong>sarda</strong></span> <span class='ocrx_word' id='word_1_129' title='bbox 1403 1335 1738 1400; x_wconf 62' lang='lat' dir='ltr'><strong>utilissima„</strong></span> <span class='ocrx_word' id='word_1_130' title='bbox 1764 1347 1911 1403; x_wconf 84' lang='lat' dir='ltr'><strong>quae</strong></span> 
     </span>
     <span class='ocr_line' id='line_1_20' title="bbox 306 1405 1908 1477; baseline -0.002 -19"><span class='ocrx_word' id='word_1_131' title='bbox 306 1421 507 1477; x_wconf 77' lang='lat' dir='ltr'><strong>nomen</strong></span> <span class='ocrx_word' id='word_1_132' title='bbox 536 1420 662 1459; x_wconf 82' lang='lat' dir='ltr'><strong>eum</strong></span> <span class='ocrx_word' id='word_1_133' title='bbox 694 1405 1044 1473; x_wconf 76' lang='lat' dir='ltr'><strong>sardonyche</strong></span> <span class='ocrx_word' id='word_1_134' title='bbox 1073 1407 1524 1474; x_wconf 77' lang='lat' dir='ltr'><strong>communicavit.</strong></span> <span class='ocrx_word' id='word_1_135' title='bbox 1592 1407 1721 1473; x_wconf 77' lang='lat' dir='ltr'><strong>Ipsa</strong></span> <span class='ocrx_word' id='word_1_136' title='bbox 1752 1418 1908 1472; x_wconf 84' lang='lat' dir='ltr'><strong>gem·</strong></span> 
     </span>
     <span class='ocr_line' id='line_1_21' title="bbox 310 1473 1914 1543; baseline -0.002 -16"><span class='ocrx_word' id='word_1_137' title='bbox 310 1490 401 1527; x_wconf 88' lang='lat' dir='ltr'><strong>ma</strong></span> <span class='ocrx_word' id='word_1_138' title='bbox 422 1474 689 1540; x_wconf 81' lang='lat' dir='ltr'><strong>vulgaris,</strong></span> <span class='ocrx_word' id='word_1_139' title='bbox 730 1481 789 1526; x_wconf 89' lang='lat' dir='ltr'><strong>et</strong></span> <span class='ocrx_word' id='word_1_140' title='bbox 809 1475 1043 1540; x_wconf 60' lang='lat' dir='ltr'><strong>primum</strong></span> <span class='ocrx_word' id='word_1_141' title='bbox 1078 1473 1346 1526; x_wconf 75' lang='lat' dir='ltr'><strong>Sardibus</strong></span> <span class='ocrx_word' id='word_1_142' title='bbox 1375 1480 1617 1543; x_wconf 84' lang='lat' dir='ltr'><strong>reperta,</strong></span> <span class='ocrx_word' id='word_1_143' title='bbox 1658 1474 1762 1528; x_wconf 78' lang='lat' dir='ltr'><strong>sed</strong></span> <span class='ocrx_word' id='word_1_144' title='bbox 1780 1475 1914 1526; x_wconf 87' lang='lat' dir='ltr'><strong>lau-</strong></span> 
     </span>
     <span class='ocr_line' id='line_1_22' title="bbox 313 1542 1911 1612; baseline 0 -17"><span class='ocrx_word' id='word_1_145' title='bbox 313 1542 605 1595; x_wconf 85' lang='lat' dir='ltr'><strong>datissima</strong></span> <span class='ocrx_word' id='word_1_146' title='bbox 635 1543 783 1597; x_wconf 85' lang='lat' dir='ltr'><strong>circa</strong></span> <span class='ocrx_word' id='word_1_147' title='bbox 802 1542 1192 1609; x_wconf 86' lang='lat' dir='ltr'><strong>Babyloniam,</strong></span> <span class='ocrx_word' id='word_1_148' title='bbox 1235 1560 1358 1596; x_wconf 89' lang='lat' dir='ltr'><strong>cum</strong></span> <span class='ocrx_word' id='word_1_149' title='bbox 1380 1545 1715 1612; x_wconf 74' lang='lat' dir='ltr'><strong>lapicidinae</strong></span> <span class='ocrx_word' id='word_1_150' title='bbox 1735 1557 1911 1611; x_wconf 81' lang='lat' dir='ltr'><strong>quae·</strong></span> 
     </span>
     <span class='ocr_line' id='line_1_23' title="bbox 313 1606 1938 1678; baseline -0.001 -14"><span class='ocrx_word' id='word_1_151' title='bbox 313 1612 438 1664; x_wconf 87' lang='lat' dir='ltr'><strong>dam</strong></span> <span class='ocrx_word' id='word_1_152' title='bbox 462 1606 831 1678; x_wconf 76' lang='lat' dir='ltr'><strong>aperirentur,</strong></span> <span class='ocrx_word' id='word_1_153' title='bbox 853 1611 1086 1669; x_wconf 80' lang='lat' dir='ltr'><strong>haerens</strong></span> <span class='ocrx_word' id='word_1_154' title='bbox 1108 1614 1164 1664; x_wconf 91' lang='lat' dir='ltr'><strong>in</strong></span> <span class='ocrx_word' id='word_1_155' title='bbox 1186 1627 1324 1665; x_wconf 83' lang='lat' dir='ltr'><strong>saxo</strong></span> <span class='ocrx_word' id='word_1_156' title='bbox 1345 1614 1528 1666; x_wconf 85' lang='lat' dir='ltr'><strong>cordis</strong></span> <span class='ocrx_word' id='word_1_157' title='bbox 1548 1613 1735 1666; x_wconf 87' lang='lat' dir='ltr'><strong>modo.</strong></span> <span class='ocrx_word' id='word_1_158' title='bbox 1780 1614 1938 1664; x_wconf 84' lang='lat' dir='ltr'><strong>Hoc.</strong></span> 
     </span>
     <span class='ocr_line' id='line_1_24' title="bbox 311 1678 1968 1747; baseline -0.001 -14"><span class='ocrx_word' id='word_1_159' title='bbox 311 1681 596 1733; x_wconf 84' lang='lat' dir='ltr'><strong>metallum</strong></span> <span class='ocrx_word' id='word_1_160' title='bbox 617 1681 765 1747; x_wconf 83' lang='lat' dir='ltr'><strong>apud</strong></span> <span class='ocrx_word' id='word_1_161' title='bbox 785 1681 986 1734; x_wconf 79' lang='lat' dir='ltr'><strong>Persas</strong></span> <span class='ocrx_word' id='word_1_162' title='bbox 1008 1680 1281 1735; x_wconf 73' lang='lat' dir='ltr'><strong>defecisse</strong></span> <span class='ocrx_word' id='word_1_163' title='bbox 1301 1684 1561 1735; x_wconf 85' lang='lat' dir='ltr'><strong>traditur.</strong></span> <span class='ocrx_word' id='word_1_164' title='bbox 1633 1681 1745 1734; x_wconf 87' lang='lat' dir='ltr'><strong>Sed</strong></span> <span class='ocrx_word' id='word_1_165' title='bbox 1764 1678 1918 1733; x_wconf 72' lang='lat' dir='ltr'><strong>inve·</strong></span> <span class='ocrx_word' id='word_1_166' title='bbox 1961 1694 1968 1703; x_wconf 95' lang='grc'><strong><em>·</em></strong></span> 
     </span>
     <span class='ocr_line' id='line_1_25' title="bbox 314 1749 1918 1815; baseline -0.001 -14"><span class='ocrx_word' id='word_1_167' title='bbox 314 1750 547 1802; x_wconf 81' lang='lat' dir='ltr'><strong>niuntur</strong></span> <span class='ocrx_word' id='word_1_168' title='bbox 588 1749 964 1815; x_wconf 81' lang='lat' dir='ltr'><strong>compluribus</strong></span> <span class='ocrx_word' id='word_1_169' title='bbox 1004 1749 1133 1802; x_wconf 76' lang='lat' dir='ltr'><strong>aliis</strong></span> <span class='ocrx_word' id='word_1_170' title='bbox 1175 1750 1333 1814; x_wconf 87' lang='lat' dir='ltr'><strong>locis,</strong></span> <span class='ocrx_word' id='word_1_171' title='bbox 1374 1751 1524 1803; x_wconf 77' lang='lat' dir='ltr'><strong>sicut</strong></span> <span class='ocrx_word' id='word_1_172' title='bbox 1561 1751 1621 1802; x_wconf 86' lang='lat' dir='ltr'><strong>in</strong></span> <span class='ocrx_word' id='word_1_173' title='bbox 1641 1749 1809 1813; x_wconf 83' lang='lat' dir='ltr'><strong>Paro,</strong></span> <span class='ocrx_word' id='word_1_174' title='bbox 1851 1754 1918 1800; x_wconf 84' lang='lat' dir='ltr'><strong>et</strong></span> 
     </span>
     <span class='ocr_line' id='line_1_26' title="bbox 312 1816 1919 1887; baseline -0.002 -15"><span class='ocrx_word' id='word_1_175' title='bbox 312 1821 473 1872; x_wconf 87' lang='lat' dir='ltr'><strong>Asso.</strong></span> <span class='ocrx_word' id='word_1_176' title='bbox 545 1818 607 1871; x_wconf 86' lang='lat' dir='ltr'><strong>ln</strong></span> <span class='ocrx_word' id='word_1_177' title='bbox 628 1819 791 1870; x_wconf 80' lang='lat' dir='ltr'><strong>India</strong></span> <span class='ocrx_word' id='word_1_178' title='bbox 821 1821 987 1872; x_wconf 84' lang='lat' dir='ltr'><strong>trium</strong></span> <span class='ocrx_word' id='word_1_179' title='bbox 1021 1822 1323 1886; x_wconf 62' lang='lat' dir='ltr'><strong>gener-uma</strong></span> <span class='ocrx_word' id='word_1_180' title='bbox 1360 1822 1587 1875; x_wconf 85' lang='lat' dir='ltr'><strong>rubrum</strong></span> <span class='ocrx_word' id='word_1_181' title='bbox 1610 1854 1626 1881; x_wconf 91' lang='lat'><strong><em>,</em></strong></span> <span class='ocrx_word' id='word_1_182' title='bbox 1673 1824 1731 1871; x_wconf 81' lang='lat' dir='ltr'><strong>et</strong></span> <span class='ocrx_word' id='word_1_183' title='bbox 1762 1816 1919 1887; x_wconf 81' lang='lat' dir='ltr'><strong>quod</strong></span> 
     </span>
     <span class='ocr_line' id='line_1_27' title="bbox 317 1886 1915 1955; baseline -0.001 -16"><span class='ocrx_word' id='word_1_184' title='bbox 317 1887 546 1939; x_wconf 88' lang='lat' dir='ltr'><strong>dionum</strong></span> <span class='ocrx_word' id='word_1_185' title='bbox 566 1894 771 1938; x_wconf 73' lang='lat' dir='ltr'><strong>vocant</strong></span> <span class='ocrx_word' id='word_1_186' title='bbox 793 1901 827 1938; x_wconf 89' lang='lat' dir='ltr'><strong>a</strong></span> <span class='ocrx_word' id='word_1_187' title='bbox 844 1887 1251 1953; x_wconf 77' lang='lat' dir='ltr'><strong>magnitudine:</strong></span> <span class='ocrx_word' id='word_1_188' title='bbox 1286 1890 1519 1940; x_wconf 81' lang='lat' dir='ltr'><strong>tertium</strong></span> <span class='ocrx_word' id='word_1_189' title='bbox 1540 1886 1690 1955; x_wconf 88' lang='lat' dir='ltr'><strong>quod</strong></span> <span class='ocrx_word' id='word_1_190' title='bbox 1709 1901 1915 1954; x_wconf 81' lang='lat' dir='ltr'><strong>argen-</strong></span> 
     </span>
     <span class='ocr_line' id='line_1_28' title="bbox 311 1948 1921 2023; baseline -0.001 -15"><span class='ocrx_word' id='word_1_191' title='bbox 311 1957 422 2009; x_wconf 83' lang='lat' dir='ltr'><strong>teis</strong></span> <span class='ocrx_word' id='word_1_192' title='bbox 460 1956 709 2009; x_wconf 85' lang='lat' dir='ltr'><strong>bracteis</strong></span> <span class='ocrx_word' id='word_1_193' title='bbox 751 1948 1069 2008; x_wconf 79' lang='lat' dir='ltr'><strong>sublinitu&#39;r.</strong></span> <span class='ocrx_word' id='word_1_194' title='bbox 1090 1958 1104 1968; x_wconf 82' lang='lat'>&#39;</span> <span class='ocrx_word' id='word_1_195' title='bbox 1139 1955 1364 2010; x_wconf 83' lang='lat' dir='ltr'><strong>Indicae</strong></span> <span class='ocrx_word' id='word_1_196' title='bbox 1402 1957 1727 2023; x_wconf 80' lang='lat' dir='ltr'><strong>perlucent:</strong></span> <span class='ocrx_word' id='word_1_197' title='bbox 1767 1970 1921 2008; x_wconf 81' lang='lat' dir='ltr'><strong>cras·</strong></span> 
     </span>
     <span class='ocr_line' id='line_1_29' title="bbox 315 2022 1922 2087; baseline 0.001 -10"><span class='ocrx_word' id='word_1_198' title='bbox 315 2026 492 2078; x_wconf 88' lang='lat' dir='ltr'><strong>siores</strong></span> <span class='ocrx_word' id='word_1_199' title='bbox 513 2031 646 2078; x_wconf 88' lang='lat' dir='ltr'><strong>sunt</strong></span> <span class='ocrx_word' id='word_1_200' title='bbox 665 2026 951 2079; x_wconf 83' lang='lat' dir='ltr'><strong>Arabicae.</strong></span> <span class='ocrx_word' id='word_1_201' title='bbox 1023 2022 1384 2087; x_wconf 75' lang='lat' dir='ltr'><strong>Inveniuntur</strong></span> <span class='ocrx_word' id='word_1_202' title='bbox 1402 2032 1463 2080; x_wconf 86' lang='lat' dir='ltr'><strong>et</strong></span> <span class='ocrx_word' id='word_1_203' title='bbox 1482 2025 1632 2078; x_wconf 86' lang='lat' dir='ltr'><strong>circa</strong></span> <span class='ocrx_word' id='word_1_204' title='bbox 1650 2023 1922 2078; x_wconf 78' lang='lat' dir='ltr'><strong>Leucada</strong></span> 
     </span>
     <span class='ocr_line' id='line_1_30' title="bbox 314 2092 1920 2163; baseline -0.002 -16"><span class='ocrx_word' id='word_1_205' title='bbox 314 2095 490 2163; x_wconf 85' lang='lat' dir='ltr'><strong>Epiri,</strong></span> <span class='ocrx_word' id='word_1_206' title='bbox 536 2100 594 2149; x_wconf 90' lang='lat' dir='ltr'><strong>et</strong></span> <span class='ocrx_word' id='word_1_207' title='bbox 617 2095 764 2147; x_wconf 87' lang='lat' dir='ltr'><strong>circa</strong></span> <span class='ocrx_word' id='word_1_208' title='bbox 784 2097 1115 2163; x_wconf 84' lang='lat' dir='ltr'><strong>Aegyptum,</strong></span> <span class='ocrx_word' id='word_1_209' title='bbox 1146 2110 1286 2161; x_wconf 87' lang='lat' dir='ltr'><strong>quae</strong></span> <span class='ocrx_word' id='word_1_210' title='bbox 1306 2097 1533 2149; x_wconf 80' lang='lat' dir='ltr'><strong>bractea</strong></span> <span class='ocrx_word' id='word_1_211' title='bbox 1554 2109 1722 2147; x_wconf 89' lang='lat' dir='ltr'><strong>aurea</strong></span> <span class='ocrx_word' id='word_1_212' title='bbox 1745 2092 1920 2146; x_wconf 82' lang='lat' dir='ltr'><strong>subli-</strong></span> 
     </span>
     <span class='ocr_line' id='line_1_31' title="bbox 236 2161 1919 2232; baseline -0.002 -18"><span class='ocrx_word' id='word_1_213' title='bbox 236 2218 245 2229; x_wconf 59' lang='lat'><strong>.</strong></span> <span class='ocrx_word' id='word_1_214' title='bbox 314 2172 538 2219; x_wconf 74' lang='lat' dir='ltr'><strong>nuntur.</strong></span> <span class='ocrx_word' id='word_1_215' title='bbox 610 2166 684 2216; x_wconf 89' lang='lat' dir='ltr'><strong>Et</strong></span> <span class='ocrx_word' id='word_1_216' title='bbox 704 2165 763 2215; x_wconf 87' lang='lat' dir='ltr'><strong>in</strong></span> <span class='ocrx_word' id='word_1_217' title='bbox 798 2161 884 2215; x_wconf 90' lang='lat' dir='ltr'><strong>his</strong></span> <span class='ocrx_word' id='word_1_218' title='bbox 905 2169 1094 2215; x_wconf 86' lang='lat' dir='ltr'><strong>autem</strong></span> <span class='ocrx_word' id='word_1_219' title='bbox 1131 2179 1312 2216; x_wconf 81' lang='lat' dir='ltr'><strong>mares</strong></span> <span class='ocrx_word' id='word_1_220' title='bbox 1337 2165 1633 2218; x_wconf 80' lang='lat' dir='ltr'><strong>excitatius</strong></span> <span class='ocrx_word' id='word_1_221' title='bbox 1655 2164 1919 2232; x_wconf 42' lang='lat' dir='ltr'><strong>fulgente</strong></span> 
     </span>
     <span class='ocr_line' id='line_1_32' title="bbox 316 2230 1922 2301; baseline -0.001 -18"><span class='ocrx_word' id='word_1_222' title='bbox 316 2230 560 2284; x_wconf 83' lang='lat' dir='ltr'><strong>feminae</strong></span> <span class='ocrx_word' id='word_1_223' title='bbox 579 2233 848 2301; x_wconf 81' lang='lat' dir='ltr'><strong>pigriores</strong></span> <span class='ocrx_word' id='word_1_224' title='bbox 871 2238 1021 2294; x_wconf 86' lang='lat' dir='ltr'><strong>sunt,</strong></span> <span class='ocrx_word' id='word_1_225' title='bbox 1057 2237 1115 2285; x_wconf 91' lang='lat' dir='ltr'><strong>et</strong></span> <span class='ocrx_word' id='word_1_226' title='bbox 1135 2235 1371 2287; x_wconf 86' lang='lat' dir='ltr'><strong>crassius</strong></span> <span class='ocrx_word' id='word_1_227' title='bbox 1395 2236 1597 2288; x_wconf 81' lang='lat' dir='ltr'><strong>nitent.</strong></span> <span class='ocrx_word' id='word_1_228' title='bbox 1666 2233 1787 2286; x_wconf 84' lang='lat' dir='ltr'><strong>Nec</strong></span> <span class='ocrx_word' id='word_1_229' title='bbox 1808 2230 1922 2282; x_wconf 78' lang='lat' dir='ltr'><strong>fuit</strong></span> 
     </span>
     <span class='ocr_line' id='line_1_33' title="bbox 320 2300 1921 2370; baseline -0.001 -19"><span class='ocrx_word' id='word_1_230' title='bbox 320 2300 433 2351; x_wconf 90' lang='lat' dir='ltr'><strong>alia</strong></span> <span class='ocrx_word' id='word_1_231' title='bbox 457 2314 674 2366; x_wconf 87' lang='lat' dir='ltr'><strong>gemma</strong></span> <span class='ocrx_word' id='word_1_232' title='bbox 715 2302 860 2368; x_wconf 83' lang='lat' dir='ltr'><strong>apud</strong></span> <span class='ocrx_word' id='word_1_233' title='bbox 905 2303 1164 2369; x_wconf 86' lang='lat' dir='ltr'><strong>antiquos</strong></span> <span class='ocrx_word' id='word_1_234' title='bbox 1207 2319 1307 2354; x_wconf 90' lang='lat' dir='ltr'><strong>usu</strong></span> <span class='ocrx_word' id='word_1_235' title='bbox 1351 2303 1722 2370; x_wconf 82' lang='lat' dir='ltr'><strong>frequentior.</strong></span> <span class='ocrx_word' id='word_1_236' title='bbox 1793 2302 1921 2353; x_wconf 86' lang='lat' dir='ltr'><strong>Hac</strong></span> 
     </span>
     <span class='ocr_line' id='line_1_34' title="bbox 318 2369 1914 2433; baseline 0.001 -15"><span class='ocrx_word' id='word_1_237' title='bbox 318 2375 472 2418; x_wconf 86' lang='lat' dir='ltr'><strong>certe</strong></span> <span class='ocrx_word' id='word_1_238' title='bbox 494 2370 641 2433; x_wconf 83' lang='lat' dir='ltr'><strong>apud</strong></span> <span class='ocrx_word' id='word_1_239' title='bbox 661 2369 1028 2420; x_wconf 82' lang='lat' dir='ltr'><strong>Menandrum</strong></span> <span class='ocrx_word' id='word_1_240' title='bbox 1071 2379 1131 2420; x_wconf 90' lang='lat' dir='ltr'><strong>et</strong></span> <span class='ocrx_word' id='word_1_241' title='bbox 1153 2371 1536 2423; x_wconf 81' lang='lat' dir='ltr'><strong>Philemonem</strong></span> <span class='ocrx_word' id='word_1_242' title='bbox 1561 2371 1788 2421; x_wconf 82' lang='lat' dir='ltr'><strong>fabulae</strong></span> <span class='ocrx_word' id='word_1_243' title='bbox 1821 2384 1914 2419; x_wconf 86' lang='lat' dir='ltr'><strong>su·</strong></span> 
     </span>
     <span class='ocr_line' id='line_1_35' title="bbox 319 2434 2017 2506; baseline 0.001 -20"><span class='ocrx_word' id='word_1_244' title='bbox 319 2434 601 2500; x_wconf 79' lang='lat' dir='ltr'><strong>perbiunt.</strong></span> <span class='ocrx_word' id='word_1_245' title='bbox 646 2435 765 2486; x_wconf 90' lang='lat' dir='ltr'><strong>Nec</strong></span> <span class='ocrx_word' id='word_1_246' title='bbox 784 2437 902 2488; x_wconf 86' lang='lat' dir='ltr'><strong>ulla</strong></span> <span class='ocrx_word' id='word_1_247' title='bbox 923 2442 1007 2488; x_wconf 86' lang='lat' dir='ltr'><strong>est</strong></span> <span class='ocrx_word' id='word_1_248' title='bbox 1027 2439 1511 2503; x_wconf 82' lang='lat' dir='ltr'><strong>translucentium,</strong></span> <span class='ocrx_word' id='word_1_249' title='bbox 1535 2453 1676 2506; x_wconf 83' lang='lat' dir='ltr'><strong>quae</strong></span> <span class='ocrx_word' id='word_1_250' title='bbox 1696 2436 1919 2490; x_wconf 81' lang='lat' dir='ltr'><strong>tardius</strong></span> <span class='ocrx_word' id='word_1_251' title='bbox 2007 2492 2017 2499; x_wconf 60' lang='grc'><em>,</em></span> 
     </span>
     <span class='ocr_line' id='line_1_36' title="bbox 318 2501 1918 2574; baseline 0.001 -20"><span class='ocrx_word' id='word_1_252' title='bbox 318 2502 530 2554; x_wconf 79' lang='lat' dir='ltr'><strong>suffuso</strong></span> <span class='ocrx_word' id='word_1_253' title='bbox 550 2501 781 2554; x_wconf 85' lang='lat' dir='ltr'><strong>humore</strong></span> <span class='ocrx_word' id='word_1_254' title='bbox 801 2503 1112 2568; x_wconf 84' lang='lat' dir='ltr'><strong>hebetetur,</strong></span> <span class='ocrx_word' id='word_1_255' title='bbox 1137 2508 1263 2559; x_wconf 86' lang='lat' dir='ltr'><strong>oleo</strong></span> <span class='ocrx_word' id='word_1_256' title='bbox 1304 2522 1373 2559; x_wconf 87' lang='lat' dir='ltr'><strong>ue</strong></span> <span class='ocrx_word' id='word_1_257' title='bbox 1395 2508 1592 2574; x_wconf 82' lang='lat' dir='ltr'><strong>magis,</strong></span> <span class='ocrx_word' id='word_1_258' title='bbox 1614 2520 1779 2574; x_wconf 89' lang='lat' dir='ltr'><strong>quam</strong></span> <span class='ocrx_word' id='word_1_259' title='bbox 1803 2506 1918 2557; x_wconf 87' lang='lat' dir='ltr'><strong>alio</strong></span> 
     </span>
    </p>
   </div>
   <div class='ocr_carea' id='block_1_6' title="bbox 312 2556 1956 2693">
    <p class='ocr_par' dir='ltr' id='par_1_6' title="bbox 312 2556 1956 2693">
     <span class='ocr_line' id='line_1_37' title="bbox 312 2556 1956 2693; baseline 0.002 -71"><span class='ocrx_word' id='word_1_260' title='bbox 312 2568 562 2693; x_wconf 45' lang='lat' dir='ltr'><strong>iiqu&#39;ore.</strong></span> <span class='ocrx_word' id='word_1_261' title='bbox 635 2570 987 2625; x_wconf 82' lang='lat' dir='ltr'><strong>Damnantur</strong></span> <span class='ocrx_word' id='word_1_262' title='bbox 1011 2590 1081 2628; x_wconf 83' lang='lat' dir='ltr'><strong>ex</strong></span> <span class='ocrx_word' id='word_1_263' title='bbox 1101 2576 1169 2628; x_wconf 86' lang='lat' dir='ltr'><strong>iis</strong></span> <span class='ocrx_word' id='word_1_264' title='bbox 1189 2591 1279 2630; x_wconf 88' lang='lat' dir='ltr'><strong>me</strong></span> <span class='ocrx_word' id='word_1_265' title='bbox 1327 2590 1446 2641; x_wconf 87' lang='lat' dir='ltr'><strong>eae,</strong></span> <span class='ocrx_word' id='word_1_266' title='bbox 1487 2582 1548 2630; x_wconf 84' lang='lat' dir='ltr'><strong>et</strong></span> <span class='ocrx_word' id='word_1_267' title='bbox 1565 2575 1809 2630; x_wconf 80' lang='lat' dir='ltr'><strong>validius</strong></span> <span class='ocrx_word' id='word_1_268' title='bbox 1829 2580 1916 2627; x_wconf 88' lang='lat' dir='ltr'><strong>te·</strong></span> <span class='ocrx_word' id='word_1_269' title='bbox 1947 2556 1956 2563; x_wconf 42' lang='lat'>⁸</span> 
     </span>
     <span class='ocr_line' id='line_1_38' title="bbox 318 2645 1229 2693; baseline 0.002 -2"><span class='ocrx_word' id='word_1_270' title='bbox 318 2656 346 2691; x_wconf 80' lang='lat' dir='ltr'><strong>s</strong></span> <span class='ocrx_word' id='word_1_271' title='bbox 376 2655 562 2693; x_wconf 82' lang='lat' dir='ltr'><strong>accae.</strong></span> <span class='ocrx_word' id='word_1_272' title='bbox 946 2654 959 2662; x_wconf 80' lang='grc'><em>·</em></span> <span class='ocrx_word' id='word_1_273' title='bbox 1205 2645 1229 2663; x_wconf 58' lang='lat'>⁵</span> 
     </span>
    </p>
   </div>
  </div>
 </body>
</html>
