2017 3034
342 155 396 211 2„
534 194 539 201 -
698 156 760 208 C.
795 155 1077 210 PLINII
1140 153 1514 211 sEcuNm
1600 157 1608 160 ⁷

336 254 582 327 variare,
621 260 687 308 ut
704 263 917 310 ‘ovatus
948 263 1101 311 esset
1127 257 1468 322 Numidicus,
1503 264 1567 310 ut
1588 273 1831 328 purpura
1849 260 1953 318 dic

339 327 720 395 stingueretur
737 326 1106 394 Synnadicus,
1149 324 1392 394 qualiter
1424 328 1556 381 illos
1587 334 1740 383 nasci
1774 339 1944 400 opta·
2015 322 2017 329 ’

338 403 466 450 rent
485 395 734 448 deliciae.
805 397 1083 446 Montium
1104 394 1243 449 haec
1262 396 1507 449 subsidia
1529 397 1907 453 deficientium
1927 419 1944 452 ε

336 481 443 518 nec
457 469 645 517 cessat
661 465 885 516 luxuria
913 463 972 515 id
1003 479 1191 532 agere,
1233 470 1296 517 ut
1329 480 1492 534 quam
1522 467 1819 534 plurimum
1842 469 1940 522 in-

338 535 554 588 cendiis
576 532 789 599 perdat.
1008 552 1018 553 ff
1728 596 1732 601 .
1761 583 1770 592 ,

407 605 479 656 11.
515 603 816 667 imaginum
842 599 1062 667 quidem
1084 602 1305 670 pictura
1335 617 1497 670 quam
1517 603 1756 656 maxime
1775 604 1942 657 simi·

335 674 418 727 les
438 674 496 724 in
517 685 708 722 aevum
733 671 1191 738 propagabantur
1218 672 1429 739 figurae
1453 689 1467 722 x
1504 672 1653 740 quod
1672 673 1728 723 in
1751 680 1946 726 totum

340 742 598 796 exolevit.
669 739 836 792 Aerei
869 746 1151 807 ponuntur
1190 742 1393 807 clypei,
1432 748 1733 807 argenteae
1754 739 1946 795 facies

336 811 504 862 surdo
531 810 834 877 figurarum
868 809 1217 872 discrimine,
1255 816 1566 861 statuarum
1601 810 1789 875 capita
1809 825 1946 876 per·

339 884 644 941 mutantur,
666 878 915 946 vulgatis
937 880 1047 943 iam
1073 879 1286 944 pridem
1314 880 1525 930 salibus
1550 882 1717 930 etiam
1740 880 1950 931 carmi·

337 963 486 1000 num.
555 948 707 999 Adeo
726 948 1019 999 materiam
1042 949 1257 1000 malunt
1276 947 1521 1014 conspici
1540 962 1747 1008 omncs,
1770 963 1949 1014 quam

340 1033 401 1068 se
422 1019 592 1068 nosci.
664 1017 739 1067 Ee
759 1017 907 1068 inter
942 1014 1082 1068 haec
1114 1016 1503 1083 pinacothecas
1532 1016 1816 1068 veteribus
1849 1025 1942 1070 ta·

339 1086 485 1137 bulis
507 1091 796 1147 consuunt,
815 1085 1137 1151 alienasque
1161 1085 1370 1153 effigies
1393 1087 1601 1153 colunt,
1631 1085 1747 1151 -ipsi
1765 1083 1952 1137 hono·

337 1169 456 1207 rem
479 1171 587 1205 non
606 1154 716 1204 nisi
737 1154 792 1204 in
812 1154 991 1222 pretio
1015 1153 1297 1216 ducentes,
1319 1160 1381 1205 ut
1400 1153 1525 1206 fran
1568 1153 1825 1216 at,heres‚
1856 1153 1952 1206 fu-

339 1226 421 1275 ris
441 1222 699 1276 detrahat
722 1223 970 1289 laqueus.
1042 1223 1236 1288 Itaque
1259 1224 1462 1274 nullius
1486 1240 1515 1275 e
1578 1227 1668 1291 gie
1698 1223 1954 1288 vivente,

339 1292 614 1360 imagines
637 1293 923 1358 pecuniae,
943 1306 1053 1342 non
1076 1305 1223 1350 suas,
1243 1293 1573 1360 relinquunt.
1644 1291 1817 1344 Iidem
1838 1307 1954 1359 pa-

342 1362 582 1425 laestras
603 1359 935 1412 athletarum
960 1358 1320 1425 imaginibus,
1341 1367 1700 1417 etceromata
1720 1375 1822 1411 sua
1843 1376 1952 1412 ex·

322 1430 566 1491 ornant,
606 1435 662 1480 et
697 1428 880 1479 vultus
915 1428 1145 1494 Epicuri
1176 1441 1275 1492 per
1305 1427 1559 1478 cubicula
1598 1435 1837 1499 gestant,
1881 1445 1957 1481 ac

345 1496 745 1550 circumferunt
768 1508 969 1547 secum.
1044 1496 1236 1547 Natali
1257 1498 1376 1546 eius
1397 1495 1662 1547 vicesima
1677 1498 1835 1549 Luna
1859 1513 1959 1550 sa·

316 1584 323 1589 ·
346 1567 616 1629 crificant,
638 1564 916 1630 feriasque
939 1563 1089 1614 omni
1110 1579 1297 1616 mense
1320 1564 1659 1627 custodiunt,
1673 1579 1805 1631 quas
1824 1567 1956 1619 ica·

347 1635 447 1687 das
477 1639 709 1696 vocant,
750 1628 810 1684 hi
839 1632 1084 1685 maxime
1156 1633 1214 1682 ui
1246 1648 1307 1685 se
1339 1646 1409 1684 ne
1441 1633 1690 1686 viventes
1722 1635 1960 1700 quidem

345 1704 502 1755 nosci
521 1704 735 1754 volunt.
805 1702 892 1752 Ita
912 1708 999 1753 est
1021 1716 1119 1767 pro
1151 1707 1300 1752 ecto:
1342 1705 1503 1755 Artes
1528 1702 1743 1754 'desidia
1762 1705 1960 1768 perdi-

347 1774 455 1825 dit:
498 1779 556 1825 et
581 1771 837 1838 quoniam
859 1772 1167 1822 animorum
1189 1770 1459 1838 imagines
1481 1787 1588 1825 non
1606 1771 1749 1832 sunt,
1773 1773 1965 1839 negli·
2011 1824 2017 1825 γ

347 1847 556 1910 guntur
599 1841 768 1892 etiam
810 1845 1123 1913 corporum.
1205 1840 1381 1893 Aliter
1421 1841 1569 1907 apud
1596 1843 1845 1892 ‚maiores
1895 1842 1966 1894 in

349 1910 511 1962 atriis
535 1909 670 1960 haec
691 1915 854 1960 erant
877 1923 1019 1977 quae
1041 1914 1567 1977 spectarentur,non
1585 1910 1745 1978 signa
1769 1916 1968 1962 exter·

349 1995 544 2032 norum
566 1978 865 2040 artificum,
909 1993 1010 2031 nec
1042 1984 1201 2044 aera,
1232 1985 1331 2030 aut
1352 1993 1656 2031 marmoraz
1698 1984 1965 2045 expressi

348 2065 479 2102 cera
498 2049 683 2099 vultus
723 2046 956 2117 singulis
994 2047 1426 2114 disponebantur
1462 2042 1737 2111 armariis,
1779 2054 1843 2098 ut
1868 2064 1964 2100 es·

349 2124 476 2170 sent
498 2119 784 2186 imagines,
823 2131 963 2183 quae
985 2117 1390 2169 comitarentur
1409 2117 1693 2186 gentilitia
1711 2115 1924 2171 funera
1945 2136 1963 2168 ε

349 2201 673 2253 semperque
718 2184 980 2238 defuncto
1026 2186 1233 2254 aliquo,
1267 2192 1423 2238 totus
1465 2185 1661 2238 aderat
1691 2183 1964 2239 familiae

351 2257 491 2317 eius,
573 2256 631 2306 ui
651 2269 888 2322 unquam
910 2253 1113 2317 fuerat,
1154 2255 1408 2320 populus.
1479 2254 1790 2307 Stemmata
1809 2270 1961 2308 vero

348 2272 925 2383 lineis„?liscurrebant
941 2323 1014 2375 ad
1036 2323 1301 2391 imagines
1329 2325 1525 2390 pictas.
1598 2322 1838 2375 Tablina
1864 2339 1966 2377 co-

348 2392 562 2444 dicibus
584 2393 972 2459 implebantur,
1009 2399 1066 2458 et
1085 2393 1457 2446 monumentis
1476 2408 1663 2444 rerum
1685 2392 1741 2442 in
1770 2394 1966 2460 magi-

350 2463 531 2513 stratu
552 2466 849 2530 gestarum.
901 2460 1061 2513 Aliae
1082 2459 1299 2513 foris-et
1318 2464 1465 2522 circa
1484 2461 1678 2512 limina
1703 2460 1961 2514 domita-

350 2540 469 2583 rum
491 2530 741 2599 gentium
760 2529 1026 2595 imagines
1045 2534 1221 2589 erant,
1259 2531 1440 2582 affixis
1461 2529 1705 2582 hostium
1731 2531 1966 2596 spoliis,

354 2615 494 2671 quae
533 2614 633 2650 nec
663 2597 865 2650 emtori
896 2598 1131 2666 refigere
1159 2597 1380 2650 liceret:
1423 2596 1966 2667 triumphabantque

357 2672 530 2720 etiam
570 2666 811 2719 dominis
848 2667 1083 2717 mutatis
1124 2665 1283 2733 ipsae
1303 2667 1527 2721 domus:
1565 2674 1622 2722 et
1642 2673 1765 2721 erat
1807 2665 1965 2722 haec

416 2884 441 2905 '¹1’
