<?xml version="1.0" encoding="UTF-8"?>
<!DOCTYPE html PUBLIC "-//W3C//DTD XHTML 1.0 Transitional//EN"
    "http://www.w3.org/TR/xhtml1/DTD/xhtml1-transitional.dtd">
<html xmlns="http://www.w3.org/1999/xhtml" xml:lang="en" lang="en">
 <head>
  <title>
</title>
<meta http-equiv="Content-Type" content="text/html;charset=utf-8" />
  <meta name='ocr-system' content='tesseract 3.04.00' />
  <meta name='ocr-capabilities' content='ocr_page ocr_carea ocr_par ocr_line ocrx_word'/>
</head>
<body>
  <div class='ocr_page' id='page_1' title='image "./caiipliniisecun05plingoog_0144.png"; bbox 0 0 2017 3034; ppageno 0'>
   <div class='ocr_carea' id='block_1_1' title="bbox 312 119 1581 199">
    <p class='ocr_par' dir='ltr' id='par_1_1' title="bbox 312 119 1581 199">
     <span class='ocr_line' id='line_1_1' title="bbox 312 119 1581 199; baseline -0.008 -8"><span class='ocrx_word' id='word_1_1' title='bbox 312 132 415 199; x_wconf 65' lang='lat'><strong>1³9</strong></span> <span class='ocrx_word' id='word_1_2' title='bbox 708 135 768 188; x_wconf 87' lang='lat' dir='ltr'><strong>c.</strong></span> <span class='ocrx_word' id='word_1_3' title='bbox 820 119 1581 188; x_wconf 53' lang='lat' dir='ltr'><strong>rmmrsscunnn</strong></span> 
     </span>
    </p>
   </div>
   <div class='ocr_carea' id='block_1_2' title="bbox 270 232 1978 1060">
    <p class='ocr_par' dir='ltr' id='par_1_2' title="bbox 270 232 1978 1060">
     <span class='ocr_line' id='line_1_2' title="bbox 312 232 1907 299; baseline -0.003 -6"><span class='ocrx_word' id='word_1_4' title='bbox 312 237 634 293; x_wconf 80' lang='lat' dir='ltr'><strong>banochrus</strong></span> <span class='ocrx_word' id='word_1_5' title='bbox 652 235 835 291; x_wconf 83' lang='lat' dir='ltr'><strong>thuris</strong></span> <span class='ocrx_word' id='word_1_6' title='bbox 845 234 1266 289; x_wconf 78' lang='lat' dir='ltr'><strong>similitudinem</strong></span> <span class='ocrx_word' id='word_1_7' title='bbox 1288 232 1664 299; x_wconf 85' lang='lat' dir='ltr'><strong>ostendit,sed</strong></span> <span class='ocrx_word' id='word_1_8' title='bbox 1688 247 1907 289; x_wconf 78' lang='lat' dir='ltr'><strong>succum</strong></span> 
     </span>
     <span class='ocr_line' id='line_1_3' title="bbox 314 304 1910 373; baseline -0.003 -14"><span class='ocrx_word' id='word_1_9' title='bbox 314 304 521 361; x_wconf 77' lang='lat' dir='ltr'><strong>mellis.</strong></span> <span class='ocrx_word' id='word_1_10' title='bbox 584 304 925 360; x_wconf 81' lang='lat' dir='ltr'><strong>Limeniatis</strong></span> <span class='ocrx_word' id='word_1_11' title='bbox 965 305 1161 358; x_wconf 87' lang='lat' dir='ltr'><strong>eadem</strong></span> <span class='ocrx_word' id='word_1_12' title='bbox 1204 306 1430 357; x_wconf 68' lang='lat' dir='ltr'><strong>videtur</strong></span> <span class='ocrx_word' id='word_1_13' title='bbox 1449 340 1465 365; x_wconf 89' lang='lat'>‚</span> <span class='ocrx_word' id='word_1_14' title='bbox 1509 318 1652 371; x_wconf 87' lang='lat' dir='ltr'><strong>quae</strong></span> <span class='ocrx_word' id='word_1_15' title='bbox 1672 319 1910 373; x_wconf 82' lang='lat' dir='ltr'><strong>smarag-</strong></span> 
     </span>
     <span class='ocr_line' id='line_1_4' title="bbox 316 373 1908 446; baseline -0.002 -17"><span class='ocrx_word' id='word_1_16' title='bbox 316 377 436 429; x_wconf 90' lang='lat' dir='ltr'><strong>dus.</strong></span> <span class='ocrx_word' id='word_1_17' title='bbox 480 375 568 430; x_wconf 84' lang='lat' dir='ltr'><strong>De</strong></span> <span class='ocrx_word' id='word_1_18' title='bbox 588 375 771 446; x_wconf 85' lang='lat' dir='ltr'><strong>lipare</strong></span> <span class='ocrx_word' id='word_1_19' title='bbox 789 374 896 429; x_wconf 87' lang='lat' dir='ltr'><strong>hoc</strong></span> <span class='ocrx_word' id='word_1_20' title='bbox 916 380 1129 426; x_wconf 83' lang='lat' dir='ltr'><strong>tantum</strong></span> <span class='ocrx_word' id='word_1_21' title='bbox 1153 375 1411 436; x_wconf 82' lang='lat' dir='ltr'><strong>traditur,</strong></span> <span class='ocrx_word' id='word_1_22' title='bbox 1431 373 1617 425; x_wconf 84' lang='lat' dir='ltr'><strong>suffita</strong></span> <span class='ocrx_word' id='word_1_23' title='bbox 1631 389 1703 443; x_wconf 13' lang='lat' dir='ltr'><strong>Nea</strong></span> <span class='ocrx_word' id='word_1_24' title='bbox 1724 390 1908 426; x_wconf 79' lang='lat' dir='ltr'><strong>omnes</strong></span> 
     </span>
     <span class='ocr_line' id='line_1_5' title="bbox 313 441 1912 512; baseline -0.002 -15"><span class='ocrx_word' id='word_1_25' title='bbox 313 443 522 498; x_wconf 85' lang='lat' dir='ltr'><strong>bestias</strong></span> <span class='ocrx_word' id='word_1_26' title='bbox 547 445 788 498; x_wconf 82' lang='lat' dir='ltr'><strong>evocari.</strong></span> <span class='ocrx_word' id='word_1_27' title='bbox 849 443 1213 512; x_wconf 85' lang='lat' dir='ltr'><strong>Lysimachus</strong></span> <span class='ocrx_word' id='word_1_28' title='bbox 1237 441 1454 495; x_wconf 87' lang='lat' dir='ltr'><strong>Rhodio</strong></span> <span class='ocrx_word' id='word_1_29' title='bbox 1476 443 1745 495; x_wconf 88' lang='lat' dir='ltr'><strong>marmori</strong></span> <span class='ocrx_word' id='word_1_30' title='bbox 1766 443 1912 494; x_wconf 53' lang='lat' dir='ltr'><strong>simi*</strong></span> 
     </span>
     <span class='ocr_line' id='line_1_6' title="bbox 314 511 1912 580; baseline -0.004 -11"><span class='ocrx_word' id='word_1_31' title='bbox 314 513 385 569; x_wconf 70' lang='lat' dir='ltr'><strong>liu</strong></span> <span class='ocrx_word' id='word_1_32' title='bbox 406 521 492 567; x_wconf 83' lang='lat' dir='ltr'><strong>est</strong></span> <span class='ocrx_word' id='word_1_33' title='bbox 518 515 700 567; x_wconf 86' lang='lat' dir='ltr'><strong>aureis</strong></span> <span class='ocrx_word' id='word_1_34' title='bbox 720 515 872 567; x_wconf 84' lang='lat' dir='ltr'><strong>venis</strong></span> <span class='ocrx_word' id='word_1_35' title='bbox 892 531 908 564; x_wconf 74' lang='grc' dir='ltr'><strong><em>ε</em></strong></span> <span class='ocrx_word' id='word_1_36' title='bbox 948 513 1161 580; x_wconf 86' lang='lat' dir='ltr'><strong>politur</strong></span> <span class='ocrx_word' id='word_1_37' title='bbox 1180 525 1248 563; x_wconf 86' lang='lat' dir='ltr'><strong>ex</strong></span> <span class='ocrx_word' id='word_1_38' title='bbox 1267 525 1560 574; x_wconf 87' lang='lat' dir='ltr'><strong>marmore,</strong></span> <span class='ocrx_word' id='word_1_39' title='bbox 1601 511 1912 577; x_wconf 84' lang='lat' dir='ltr'><strong>amplitudi-</strong></span> 
     </span>
     <span class='ocr_line' id='line_1_7' title="bbox 270 580 1912 649; baseline -0.003 -12"><span class='ocrx_word' id='word_1_40' title='bbox 270 602 277 609; x_wconf 85' lang='lat'><strong>·</strong></span> <span class='ocrx_word' id='word_1_41' title='bbox 314 595 386 637; x_wconf 80' lang='lat' dir='ltr'><strong>ne</strong></span> <span class='ocrx_word' id='word_1_42' title='bbox 404 582 464 633; x_wconf 86' lang='lat' dir='ltr'><strong>ln</strong></span> <span class='ocrx_word' id='word_1_43' title='bbox 478 583 771 649; x_wconf 82' lang='lat' dir='ltr'><strong>angustias</strong></span> <span class='ocrx_word' id='word_1_44' title='bbox 798 590 1049 642; x_wconf 80' lang='lat' dir='ltr'>coeunte,</span> <span class='ocrx_word' id='word_1_45' title='bbox 1071 589 1134 634; x_wconf 92' lang='lat' dir='ltr'><strong>ut</strong></span> <span class='ocrx_word' id='word_1_46' title='bbox 1153 580 1380 631; x_wconf 86' lang='lat' dir='ltr'><strong>inutilia</strong></span> <span class='ocrx_word' id='word_1_47' title='bbox 1401 586 1746 634; x_wconf 70' lang='lat' dir='ltr'><strong>exteruntur.</strong></span> <span class='ocrx_word' id='word_1_48' title='bbox 1773 580 1912 633; x_wconf 87' lang='lat' dir='ltr'><strong>Leu-</strong></span> 
     </span>
     <span class='ocr_line' id='line_1_8' title="bbox 315 649 1978 719; baseline -0.003 -16"><span class='ocrx_word' id='word_1_49' title='bbox 315 649 617 717; x_wconf 76' lang='lat' dir='ltr'><strong>cochrysus</strong></span> <span class='ocrx_word' id='word_1_50' title='bbox 636 651 785 705; x_wconf 79' lang='lat' dir='ltr'><strong>sicut</strong></span> <span class='ocrx_word' id='word_1_51' title='bbox 808 651 1116 719; x_wconf 78' lang='lat' dir='ltr'><strong>crystallus</strong></span> <span class='ocrx_word' id='word_1_52' title='bbox 1137 649 1362 707; x_wconf 75' lang='lat' dir='ltr'><strong>albicat.</strong></span> <span class='ocrx_word' id='word_1_53' title='bbox 1963 706 1978 713; x_wconf 33' lang='lat' dir='ltr'>q</span> 
     </span>
     <span class='ocr_line' id='line_1_9' title="bbox 378 715 1910 787; baseline 0 -17"><span class='ocrx_word' id='word_1_54' title='bbox 378 718 576 772; x_wconf 82' lang='lat' dir='ltr'><strong>Lxul.</strong></span> <span class='ocrx_word' id='word_1_55' title='bbox 612 719 932 773; x_wconf 82' lang='lat' dir='ltr'><strong>Memnonia</strong></span> <span class='ocrx_word' id='word_1_56' title='bbox 951 719 1136 787; x_wconf 85' lang='lat' dir='ltr'><strong>qualis</strong></span> <span class='ocrx_word' id='word_1_57' title='bbox 1171 719 1246 770; x_wconf 92' lang='lat' dir='ltr'><strong>sit</strong></span> <span class='ocrx_word' id='word_1_58' title='bbox 1265 751 1283 779; x_wconf 88' lang='lat'>‚</span> <span class='ocrx_word' id='word_1_59' title='bbox 1325 732 1436 770; x_wconf 86' lang='lat' dir='ltr'><strong>non</strong></span> <span class='ocrx_word' id='word_1_60' title='bbox 1469 715 1730 769; x_wconf 78' lang='lat' dir='ltr'><strong>traditur.</strong></span> <span class='ocrx_word' id='word_1_61' title='bbox 1799 718 1910 770; x_wconf 85' lang='lat' dir='ltr'><strong>Me·</strong></span> 
     </span>
     <span class='ocr_line' id='line_1_10' title="bbox 314 785 1914 856; baseline 0.001 -18"><span class='ocrx_word' id='word_1_62' title='bbox 314 785 421 839; x_wconf 88' lang='lat' dir='ltr'><strong>dea</strong></span> <span class='ocrx_word' id='word_1_63' title='bbox 439 789 597 856; x_wconf 86' lang='lat' dir='ltr'><strong>nigra</strong></span> <span class='ocrx_word' id='word_1_64' title='bbox 619 795 724 851; x_wconf 87' lang='lat' dir='ltr'><strong>est,</strong></span> <span class='ocrx_word' id='word_1_65' title='bbox 752 804 786 841; x_wconf 97' lang='lat' dir='ltr'><strong>a</strong></span> <span class='ocrx_word' id='word_1_66' title='bbox 804 787 1010 842; x_wconf 89' lang='lat' dir='ltr'><strong>Medea</strong></span> <span class='ocrx_word' id='word_1_67' title='bbox 1029 788 1134 840; x_wconf 89' lang='lat' dir='ltr'><strong>illa</strong></span> <span class='ocrx_word' id='word_1_68' title='bbox 1154 787 1408 840; x_wconf 78' lang='lat' dir='ltr'><strong>fabulose</strong></span> <span class='ocrx_word' id='word_1_69' title='bbox 1430 786 1658 838; x_wconf 82' lang='lat' dir='ltr'><strong>inventa</strong></span> <span class='ocrx_word' id='word_1_70' title='bbox 1679 803 1693 837; x_wconf 73' lang='grc' dir='ltr'><strong>ε</strong></span> <span class='ocrx_word' id='word_1_71' title='bbox 1748 785 1914 839; x_wconf 78' lang='lat' dir='ltr'><strong>habet</strong></span> 
     </span>
     <span class='ocr_line' id='line_1_11' title="bbox 312 855 1912 920; baseline 0 -15"><span class='ocrx_word' id='word_1_72' title='bbox 312 871 478 909; x_wconf 77' lang='lat' dir='ltr'><strong>vonas</strong></span> <span class='ocrx_word' id='word_1_73' title='bbox 501 857 661 910; x_wconf 89' lang='lat' dir='ltr'><strong>aurei</strong></span> <span class='ocrx_word' id='word_1_74' title='bbox 681 857 888 910; x_wconf 89' lang='lat' dir='ltr'><strong>coloris</strong></span> <span class='ocrx_word' id='word_1_75' title='bbox 912 874 923 908; x_wconf 73' lang='grc' dir='ltr'><strong><em>ε</em></strong></span> <span class='ocrx_word' id='word_1_76' title='bbox 966 856 1227 910; x_wconf 86' lang='lat' dir='ltr'><strong>sudorem</strong></span> <span class='ocrx_word' id='word_1_77' title='bbox 1248 855 1435 907; x_wconf 82' lang='lat' dir='ltr'><strong>reddit</strong></span> <span class='ocrx_word' id='word_1_78' title='bbox 1454 855 1620 917; x_wconf 88' lang='lat' dir='ltr'><strong>croci,</strong></span> <span class='ocrx_word' id='word_1_79' title='bbox 1641 869 1912 920; x_wconf 57' lang='lat' dir='ltr'><strong>,saporem</strong></span> 
     </span>
     <span class='ocr_line' id='line_1_12' title="bbox 314 923 1913 992; baseline 0 -18"><span class='ocrx_word' id='word_1_80' title='bbox 314 931 502 977; x_wconf 86' lang='lat' dir='ltr'><strong>autem</strong></span> <span class='ocrx_word' id='word_1_81' title='bbox 523 925 659 977; x_wconf 83' lang='lat' dir='ltr'><strong>vini.</strong></span> <span class='ocrx_word' id='word_1_82' title='bbox 697 926 1010 980; x_wconf 83' lang='lat' dir='ltr'><strong>Meconites</strong></span> <span class='ocrx_word' id='word_1_83' title='bbox 1043 938 1287 992; x_wconf 84' lang='lat' dir='ltr'><strong>papaver</strong></span> <span class='ocrx_word' id='word_1_84' title='bbox 1298 923 1576 989; x_wconf 84' lang='lat' dir='ltr'><strong>exprimit.</strong></span> <span class='ocrx_word' id='word_1_85' title='bbox 1612 923 1864 974; x_wconf 80' lang='lat' dir='ltr'><strong>Mithrax</strong></span> <span class='ocrx_word' id='word_1_86' title='bbox 1881 938 1913 974; x_wconf 87' lang='lat' dir='ltr'><strong>a</strong></span> 
     </span>
     <span class='ocr_line' id='line_1_13' title="bbox 310 989 1911 1060; baseline 0 -17"><span class='ocrx_word' id='word_1_87' title='bbox 310 989 497 1045; x_wconf 86' lang='lat' dir='ltr'><strong>Persis</strong></span> <span class='ocrx_word' id='word_1_88' title='bbox 520 1000 749 1060; x_wconf 86' lang='lat' dir='ltr'><strong>accepta</strong></span> <span class='ocrx_word' id='word_1_89' title='bbox 769 1002 870 1055; x_wconf 87' lang='lat' dir='ltr'><strong>est,</strong></span> <span class='ocrx_word' id='word_1_90' title='bbox 912 999 969 1047; x_wconf 85' lang='lat' dir='ltr'><strong>et</strong></span> <span class='ocrx_word' id='word_1_91' title='bbox 994 994 1174 1047; x_wconf 85' lang='lat' dir='ltr'><strong>Rubri</strong></span> <span class='ocrx_word' id='word_1_92' title='bbox 1189 994 1360 1044; x_wconf 88' lang='lat' dir='ltr'><strong>maris</strong></span> <span class='ocrx_word' id='word_1_93' title='bbox 1384 992 1691 1044; x_wconf 83' lang='lat' dir='ltr'><strong>montibus:</strong></span> <span class='ocrx_word' id='word_1_94' title='bbox 1730 992 1911 1043; x_wconf 82' lang='lat' dir='ltr'><strong>multi·</strong></span> 
     </span>
    </p>
   </div>
   <div class='ocr_carea' id='block_1_3' title="bbox 313 1059 2006 1127">
    <p class='ocr_par' dir='ltr' id='par_1_3' title="bbox 313 1059 2006 1127">
     <span class='ocr_line' id='line_1_14' title="bbox 313 1059 2006 1127; baseline 0.001 -16"><span class='ocrx_word' id='word_1_95' title='bbox 313 1059 485 1124; x_wconf 86' lang='lat' dir='ltr'><strong>color,</strong></span> <span class='ocrx_word' id='word_1_96' title='bbox 536 1070 730 1114; x_wconf 85' lang='lat' dir='ltr'><strong>contra</strong></span> <span class='ocrx_word' id='word_1_97' title='bbox 769 1063 954 1115; x_wconf 88' lang='lat' dir='ltr'><strong>Solem</strong></span> <span class='ocrx_word' id='word_1_98' title='bbox 997 1062 1154 1115; x_wconf 78' lang='lat' dir='ltr'><strong>varie</strong></span> <span class='ocrx_word' id='word_1_99' title='bbox 1197 1060 1497 1127; x_wconf 81' lang='lat' dir='ltr'><strong>refulgens.</strong></span> <span class='ocrx_word' id='word_1_100' title='bbox 1559 1059 1911 1113; x_wconf 79' lang='lat' dir='ltr'><strong>Morochite·</strong></span> <span class='ocrx_word' id='word_1_101' title='bbox 2005 1110 2006 1123; x_wconf 63' lang='grc'>,</span> 
     </span>
    </p>
   </div>
   <div class='ocr_carea' id='block_1_4' title="bbox 311 1130 1907 1199">
    <p class='ocr_par' dir='ltr' id='par_1_4' title="bbox 311 1130 1907 1199">
     <span class='ocr_line' id='line_1_15' title="bbox 311 1130 1907 1199; baseline 0.001 -20"><span class='ocrx_word' id='word_1_102' title='bbox 311 1140 601 1194; x_wconf 83' lang='lat' dir='ltr'><strong>porracea‚</strong></span> <span class='ocrx_word' id='word_1_103' title='bbox 623 1131 771 1184; x_wconf 87' lang='lat' dir='ltr'><strong>lacte</strong></span> <span class='ocrx_word' id='word_1_104' title='bbox 795 1132 973 1184; x_wconf 83' lang='lat' dir='ltr'><strong>sudat.</strong></span> <span class='ocrx_word' id='word_1_105' title='bbox 1044 1130 1232 1183; x_wconf 84' lang='lat' dir='ltr'><strong>Morio</strong></span> <span class='ocrx_word' id='word_1_106' title='bbox 1268 1133 1325 1181; x_wconf 90' lang='lat' dir='ltr'><strong>in</strong></span> <span class='ocrx_word' id='word_1_107' title='bbox 1350 1130 1521 1192; x_wconf 83' lang='lat' dir='ltr'><strong>India,</strong></span> <span class='ocrx_word' id='word_1_108' title='bbox 1559 1142 1703 1195; x_wconf 89' lang='lat' dir='ltr'><strong>quae</strong></span> <span class='ocrx_word' id='word_1_109' title='bbox 1725 1131 1907 1199; x_wconf 84' lang='lat' dir='ltr'><strong>niger·</strong></span> 
     </span>
    </p>
   </div>
   <div class='ocr_carea' id='block_1_5' title="bbox 314 1197 2008 1266">
    <p class='ocr_par' dir='ltr' id='par_1_5' title="bbox 314 1197 2008 1266">
     <span class='ocr_line' id='line_1_16' title="bbox 314 1197 2008 1266; baseline 0.002 -20"><span class='ocrx_word' id='word_1_110' title='bbox 314 1199 456 1250; x_wconf 89' lang='lat' dir='ltr'><strong>rimo</strong></span> <span class='ocrx_word' id='word_1_111' title='bbox 497 1199 686 1253; x_wconf 89' lang='lat' dir='ltr'><strong>colore</strong></span> <span class='ocrx_word' id='word_1_112' title='bbox 726 1201 1052 1262; x_wconf 76' lang='lat' dir='ltr'><strong>translucet,</strong></span> <span class='ocrx_word' id='word_1_113' title='bbox 1092 1206 1327 1252; x_wconf 83' lang='lat' dir='ltr'><strong>vocatur</strong></span> <span class='ocrx_word' id='word_1_114' title='bbox 1346 1197 1681 1251; x_wconf 84' lang='lat' dir='ltr'><strong>Pramnion=</strong></span> <span class='ocrx_word' id='word_1_115' title='bbox 1725 1201 1785 1250; x_wconf 89' lang='lat' dir='ltr'><strong>in</strong></span> <span class='ocrx_word' id='word_1_116' title='bbox 1807 1214 1911 1266; x_wconf 80' lang='lat' dir='ltr'><strong>qua</strong></span> <span class='ocrx_word' id='word_1_117' title='bbox 1961 1216 1976 1235; x_wconf 49' lang='grc' dir='ltr'><em>τ</em></span> <span class='ocrx_word' id='word_1_118' title='bbox 2007 1234 2008 1241; x_wconf 38' lang='lat'>1</span> 
     </span>
    </p>
   </div>
   <div class='ocr_carea' id='block_1_6' title="bbox 314 1266 1913 1329">
    <p class='ocr_par' dir='ltr' id='par_1_6' title="bbox 314 1266 1913 1329">
     <span class='ocr_line' id='line_1_17' title="bbox 314 1266 1913 1329; baseline 0.004 -15"><span class='ocrx_word' id='word_1_119' title='bbox 314 1267 577 1320; x_wconf 85' lang='lat' dir='ltr'><strong>miscetur</strong></span> <span class='ocrx_word' id='word_1_120' title='bbox 618 1274 680 1320; x_wconf 84' lang='lat' dir='ltr'><strong>et</strong></span> <span class='ocrx_word' id='word_1_121' title='bbox 719 1268 1041 1322; x_wconf 79' lang='lat' dir='ltr'><strong>carbunculi</strong></span> <span class='ocrx_word' id='word_1_122' title='bbox 1079 1270 1266 1329; x_wconf 85' lang='lat' dir='ltr'><strong>colos,</strong></span> <span class='ocrx_word' id='word_1_123' title='bbox 1312 1266 1739 1321; x_wconf 78' lang='lat' dir='ltr'><strong>Alexandrinum</strong></span> <span class='ocrx_word' id='word_1_124' title='bbox 1761 1284 1793 1316; x_wconf 79' lang='lat'><strong>:-</strong></span> <span class='ocrx_word' id='word_1_125' title='bbox 1820 1269 1913 1320; x_wconf 89' lang='lat' dir='ltr'><strong>ubi</strong></span> 
     </span>
    </p>
   </div>
   <div class='ocr_carea' id='block_1_7' title="bbox 313 1333 2010 1404">
    <p class='ocr_par' dir='ltr' id='par_1_7' title="bbox 313 1333 2010 1404">
     <span class='ocr_line' id='line_1_18' title="bbox 313 1333 2010 1404; baseline 0.002 -20"><span class='ocrx_word' id='word_1_126' title='bbox 313 1333 531 1396; x_wconf 77' lang='lat' dir='ltr'><strong>sardae,</strong></span> <span class='ocrx_word' id='word_1_127' title='bbox 574 1338 859 1404; x_wconf 84' lang='lat' dir='ltr'><strong>Cyprium.</strong></span> <span class='ocrx_word' id='word_1_128' title='bbox 929 1337 1195 1390; x_wconf 78' lang='lat' dir='ltr'><strong>Nascitur</strong></span> <span class='ocrx_word' id='word_1_129' title='bbox 1217 1343 1276 1388; x_wconf 88' lang='lat' dir='ltr'><strong>et</strong></span> <span class='ocrx_word' id='word_1_130' title='bbox 1292 1336 1351 1387; x_wconf 79' lang='lat' dir='ltr'><strong>in</strong></span> <span class='ocrx_word' id='word_1_131' title='bbox 1370 1338 1547 1403; x_wconf 80' lang='lat' dir='ltr'><strong>Tyro,</strong></span> <span class='ocrx_word' id='word_1_132' title='bbox 1585 1341 1646 1387; x_wconf 90' lang='lat' dir='ltr'><strong>et</strong></span> <span class='ocrx_word' id='word_1_133' title='bbox 1663 1337 1725 1387; x_wconf 87' lang='lat' dir='ltr'><strong>in</strong></span> <span class='ocrx_word' id='word_1_134' title='bbox 1748 1336 1913 1389; x_wconf 82' lang='lat' dir='ltr'><strong>Gala·</strong></span> <span class='ocrx_word' id='word_1_135' title='bbox 2009 1346 2010 1395; x_wconf 69' lang='grc' dir='ltr'>ἶ</span> 
     </span>
    </p>
   </div>
   <div class='ocr_carea' id='block_1_8' title="bbox 314 1401 1915 1473">
    <p class='ocr_par' dir='ltr' id='par_1_8' title="bbox 314 1401 1915 1473">
     <span class='ocr_line' id='line_1_19' title="bbox 314 1401 1915 1473; baseline 0.003 -22"><span class='ocrx_word' id='word_1_136' title='bbox 314 1401 412 1454; x_wconf 85' lang='lat' dir='ltr'><strong>tia.</strong></span> <span class='ocrx_word' id='word_1_137' title='bbox 473 1402 821 1459; x_wconf 78' lang='lat' dir='ltr'><strong>xenocrates</strong></span> <span class='ocrx_word' id='word_1_138' title='bbox 864 1411 923 1458; x_wconf 85' lang='lat' dir='ltr'><strong>et</strong></span> <span class='ocrx_word' id='word_1_139' title='bbox 959 1407 1061 1458; x_wconf 83' lang='lat' dir='ltr'><strong>sub</strong></span> <span class='ocrx_word' id='word_1_140' title='bbox 1082 1404 1316 1473; x_wconf 79' lang='lat' dir='ltr'><strong>Alpibus</strong></span> <span class='ocrx_word' id='word_1_141' title='bbox 1340 1405 1493 1456; x_wconf 89' lang='lat' dir='ltr'><strong>nasci</strong></span> <span class='ocrx_word' id='word_1_142' title='bbox 1531 1405 1728 1458; x_wconf 89' lang='lat' dir='ltr'><strong>tradit.</strong></span> <span class='ocrx_word' id='word_1_143' title='bbox 1792 1406 1915 1457; x_wconf 80' lang='lat' dir='ltr'><strong>Hae</strong></span> 
     </span>
    </p>
   </div>
   <div class='ocr_carea' id='block_1_9' title="bbox 313 1472 2012 1541">
    <p class='ocr_par' dir='ltr' id='par_1_9' title="bbox 313 1472 2012 1541">
     <span class='ocr_line' id='line_1_20' title="bbox 313 1472 2012 1541; baseline 0.002 -22"><span class='ocrx_word' id='word_1_144' title='bbox 313 1476 445 1521; x_wconf 86' lang='lat' dir='ltr'><strong>sunt</strong></span> <span class='ocrx_word' id='word_1_145' title='bbox 504 1487 732 1535; x_wconf 89' lang='lat' dir='ltr'><strong>emmae,</strong></span> <span class='ocrx_word' id='word_1_146' title='bbox 810 1488 913 1526; x_wconf 92' lang='lat' dir='ltr'><strong>uae</strong></span> <span class='ocrx_word' id='word_1_147' title='bbox 938 1472 1009 1525; x_wconf 91' lang='lat' dir='ltr'><strong>ad</strong></span> <span class='ocrx_word' id='word_1_148' title='bbox 1034 1480 1269 1541; x_wconf 87' lang='lat' dir='ltr'><strong>ectypas</strong></span> <span class='ocrx_word' id='word_1_149' title='bbox 1291 1472 1604 1541; x_wconf 83' lang='lat' dir='ltr'><strong>scalpturas</strong></span> <span class='ocrx_word' id='word_1_150' title='bbox 1628 1480 1914 1540; x_wconf 78' lang='lat' dir='ltr'><strong>aptantur.</strong></span> <span class='ocrx_word' id='word_1_151' title='bbox 1971 1520 1986 1529; x_wconf 78' lang='grc'>,</span> <span class='ocrx_word' id='word_1_152' title='bbox 2011 1500 2012 1523; x_wconf 38' lang='grc' dir='ltr'><strong>ς</strong></span> 
     </span>
    </p>
   </div>
   <div class='ocr_carea' id='block_1_10' title="bbox 303 1536 1944 2228">
    <p class='ocr_par' dir='ltr' id='par_1_10' title="bbox 308 1536 1915 1951">
     <span class='ocr_line' id='line_1_21' title="bbox 311 1536 1914 1610; baseline 0.003 -22"><span class='ocrx_word' id='word_1_153' title='bbox 311 1536 475 1605; x_wconf 84' lang='lat' dir='ltr'><strong>Myrr</strong></span> <span class='ocrx_word' id='word_1_154' title='bbox 512 1540 621 1594; x_wconf 89' lang='lat' dir='ltr'><strong>ites</strong></span> <span class='ocrx_word' id='word_1_155' title='bbox 636 1557 791 1609; x_wconf 90' lang='lat' dir='ltr'><strong>myrr</strong></span> <span class='ocrx_word' id='word_1_156' title='bbox 829 1542 1150 1597; x_wconf 87' lang='lat' dir='ltr'><strong>aecolorem</strong></span> <span class='ocrx_word' id='word_1_157' title='bbox 1165 1541 1352 1602; x_wconf 87' lang='lat' dir='ltr'><strong>habet,</strong></span> <span class='ocrx_word' id='word_1_158' title='bbox 1367 1542 1508 1594; x_wconf 79' lang='lat' dir='ltr'><strong>facie</strong></span> <span class='ocrx_word' id='word_1_159' title='bbox 1526 1543 1758 1593; x_wconf 88' lang='lat' dir='ltr'><strong>minima</strong></span> <span class='ocrx_word' id='word_1_160' title='bbox 1766 1557 1914 1610; x_wconf 72' lang='lat' dir='ltr'><strong>geni·</strong></span> 
     </span>
     <span class='ocr_line' id='line_1_22' title="bbox 312 1608 1915 1677; baseline 0.004 -21"><span class='ocrx_word' id='word_1_161' title='bbox 312 1619 431 1657; x_wconf 84' lang='lat' dir='ltr'><strong>ma:</strong></span> <span class='ocrx_word' id='word_1_162' title='bbox 450 1608 676 1661; x_wconf 88' lang='lat' dir='ltr'><strong>odorem</strong></span> <span class='ocrx_word' id='word_1_163' title='bbox 695 1611 1083 1672; x_wconf 86' lang='lat' dir='ltr'><strong>attrita‚etiam</strong></span> <span class='ocrx_word' id='word_1_164' title='bbox 1099 1611 1277 1663; x_wconf 85' lang='lat' dir='ltr'><strong>nardi.</strong></span> <span class='ocrx_word' id='word_1_165' title='bbox 1297 1610 1639 1677; x_wconf 86' lang='lat' dir='ltr'><strong>Myrmecias</strong></span> <span class='ocrx_word' id='word_1_166' title='bbox 1650 1612 1814 1676; x_wconf 82' lang='lat' dir='ltr'><strong>nigra</strong></span> <span class='ocrx_word' id='word_1_167' title='bbox 1823 1610 1915 1662; x_wconf 87' lang='lat' dir='ltr'><strong>ha·</strong></span> 
     </span>
     <span class='ocr_line' id='line_1_23' title="bbox 311 1673 1913 1746; baseline 0.004 -22"><span class='ocrx_word' id='word_1_168' title='bbox 311 1673 410 1725; x_wconf 81' lang='lat' dir='ltr'><strong>bet</strong></span> <span class='ocrx_word' id='word_1_169' title='bbox 430 1676 758 1730; x_wconf 84' lang='lat' dir='ltr'><strong>eminentias</strong></span> <span class='ocrx_word' id='word_1_170' title='bbox 780 1680 990 1732; x_wconf 86' lang='lat' dir='ltr'><strong>similes</strong></span> <span class='ocrx_word' id='word_1_171' title='bbox 1012 1680 1274 1733; x_wconf 78' lang='lat' dir='ltr'><strong>verrucis.</strong></span> <span class='ocrx_word' id='word_1_172' title='bbox 1299 1680 1629 1746; x_wconf 84' lang='lat' dir='ltr'><strong>Myrsinites</strong></span> <span class='ocrx_word' id='word_1_173' title='bbox 1649 1681 1913 1733; x_wconf 87' lang='lat' dir='ltr'><strong>melleum</strong></span> 
     </span>
     <span class='ocr_line' id='line_1_24' title="bbox 310 1742 1913 1822; baseline 0.006 -31"><span class='ocrx_word' id='word_1_174' title='bbox 310 1742 554 1822; x_wconf 76' lang='lat' dir='ltr'><strong>colorem</strong></span> <span class='ocrx_word' id='word_1_175' title='bbox 580 1745 765 1810; x_wconf 85' lang='lat' dir='ltr'><strong>babet,</strong></span> <span class='ocrx_word' id='word_1_176' title='bbox 798 1749 971 1815; x_wconf 85' lang='lat' dir='ltr'><strong>myrti</strong></span> <span class='ocrx_word' id='word_1_177' title='bbox 994 1747 1245 1814; x_wconf 70' lang='lat' dir='ltr'><strong>odorem.</strong></span> <span class='ocrx_word' id='word_1_178' title='bbox 1298 1748 1650 1809; x_wconf 86' lang='lat' dir='ltr'><strong>Mesoleucos</strong></span> <span class='ocrx_word' id='word_1_179' title='bbox 1675 1756 1779 1810; x_wconf 90' lang='lat' dir='ltr'><strong>est,</strong></span> <span class='ocrx_word' id='word_1_180' title='bbox 1805 1763 1913 1801; x_wconf 86' lang='lat' dir='ltr'><strong>me-</strong></span> 
     </span>
     <span class='ocr_line' id='line_1_25' title="bbox 308 1807 1911 1890; baseline 0.005 -31"><span class='ocrx_word' id='word_1_181' title='bbox 308 1807 454 1890; x_wconf 56' lang='lat' dir='ltr'><strong>diam</strong></span> <span class='ocrx_word' id='word_1_182' title='bbox 471 1826 740 1883; x_wconf 76' lang='lat' dir='ltr'><strong>gemmam</strong></span> <span class='ocrx_word' id='word_1_183' title='bbox 751 1817 987 1870; x_wconf 88' lang='lat' dir='ltr'><strong>candida</strong></span> <span class='ocrx_word' id='word_1_184' title='bbox 998 1814 1373 1886; x_wconf 85' lang='lat' dir='ltr'><strong>distinguente</strong></span> <span class='ocrx_word' id='word_1_185' title='bbox 1385 1810 1911 1881; x_wconf 76' lang='lat' dir='ltr'><strong>linea.Mesome1as‚</strong></span> 
     </span>
     <span class='ocr_line' id='line_1_26' title="bbox 313 1885 1911 1951; baseline 0.006 -23"><span class='ocrx_word' id='word_1_186' title='bbox 313 1892 478 1947; x_wconf 79' lang='lat' dir='ltr'><strong>nigra</strong></span> <span class='ocrx_word' id='word_1_187' title='bbox 497 1897 639 1935; x_wconf 77' lang='lat' dir='ltr'><strong>vena</strong></span> <span class='ocrx_word' id='word_1_188' title='bbox 672 1885 975 1950; x_wconf 79' lang='lat' dir='ltr'><strong>quemlibet</strong></span> <span class='ocrx_word' id='word_1_189' title='bbox 1005 1887 1252 1939; x_wconf 89' lang='lat' dir='ltr'><strong>colorem</strong></span> <span class='ocrx_word' id='word_1_190' title='bbox 1276 1892 1503 1938; x_wconf 86' lang='lat' dir='ltr'><strong>secante</strong></span> <span class='ocrx_word' id='word_1_191' title='bbox 1527 1898 1630 1951; x_wconf 85' lang='lat' dir='ltr'><strong>per</strong></span> <span class='ocrx_word' id='word_1_192' title='bbox 1646 1885 1911 1939; x_wconf 88' lang='lat' dir='ltr'><strong>medium.</strong></span> 
     </span>
    </p>

    <p class='ocr_par' dir='ltr' id='par_1_11' title="bbox 303 1946 1944 2228">
     <span class='ocr_line' id='line_1_27' title="bbox 376 1946 1907 2031; baseline 0.005 -33"><span class='ocrx_word' id='word_1_193' title='bbox 376 1946 571 2031; x_wconf 72' lang='lat' dir='ltr'><strong>LXJV.</strong></span> <span class='ocrx_word' id='word_1_194' title='bbox 594 1952 972 2006; x_wconf 83' lang='lat' dir='ltr'><strong>Nasamonitis</strong></span> <span class='ocrx_word' id='word_1_195' title='bbox 1016 1961 1101 2007; x_wconf 84' lang='lat' dir='ltr'><strong>est</strong></span> <span class='ocrx_word' id='word_1_196' title='bbox 1141 1955 1478 2023; x_wconf 81' lang='lat' dir='ltr'><strong>sanguinea,</strong></span> <span class='ocrx_word' id='word_1_197' title='bbox 1518 1955 1691 2022; x_wconf 84' lang='lat' dir='ltr'><strong>nigris</strong></span> <span class='ocrx_word' id='word_1_198' title='bbox 1730 1955 1907 2006; x_wconf 78' lang='lat' dir='ltr'><strong>venis.</strong></span> 
     </span>
     <span class='ocr_line' id='line_1_28' title="bbox 304 2014 1944 2090; baseline 0.004 -23"><span class='ocrx_word' id='word_1_199' title='bbox 304 2014 358 2067; x_wconf 87' lang='lat' dir='ltr'>N</span> <span class='ocrx_word' id='word_1_200' title='bbox 362 2019 552 2071; x_wconf 74' lang='lat' dir='ltr'><strong>ebritis</strong></span> <span class='ocrx_word' id='word_1_201' title='bbox 573 2020 779 2075; x_wconf 81' lang='lat' dir='ltr'><strong>Libero</strong></span> <span class='ocrx_word' id='word_1_202' title='bbox 800 2024 962 2090; x_wconf 68' lang='lat' dir='ltr'><strong>,patri</strong></span> <span class='ocrx_word' id='word_1_203' title='bbox 992 2037 1156 2076; x_wconf 87' lang='lat' dir='ltr'><strong>sacra</strong></span> <span class='ocrx_word' id='word_1_204' title='bbox 1176 2059 1191 2086; x_wconf 89' lang='lat'><strong>,</strong></span> <span class='ocrx_word' id='word_1_205' title='bbox 1233 2038 1433 2076; x_wconf 89' lang='lat' dir='ltr'><strong>nomen</strong></span> <span class='ocrx_word' id='word_1_206' title='bbox 1465 2026 1642 2076; x_wconf 84' lang='lat' dir='ltr'><strong>traxit</strong></span> <span class='ocrx_word' id='word_1_207' title='bbox 1662 2039 1698 2075; x_wconf 90' lang='lat' dir='ltr'><strong>a</strong></span> <span class='ocrx_word' id='word_1_208' title='bbox 1716 2024 1906 2075; x_wconf 87' lang='lat' dir='ltr'><strong>nebri·</strong></span> <span class='ocrx_word' id='word_1_209' title='bbox 1933 2040 1944 2057; x_wconf 70' lang='grc'>’</span> 
     </span>
     <span class='ocr_line' id='line_1_29' title="bbox 303 2080 1908 2160; baseline 0.006 -26"><span class='ocrx_word' id='word_1_210' title='bbox 303 2080 431 2136; x_wconf 76' lang='lat' dir='ltr'><strong>duni</strong></span> <span class='ocrx_word' id='word_1_211' title='bbox 455 2089 573 2141; x_wconf 89' lang='lat' dir='ltr'><strong>eius</strong></span> <span class='ocrx_word' id='word_1_212' title='bbox 593 2090 976 2145; x_wconf 87' lang='lat' dir='ltr'><strong>similitudine.</strong></span> <span class='ocrx_word' id='word_1_213' title='bbox 1034 2090 1175 2145; x_wconf 88' lang='lat' dir='ltr'><strong>Sunt</strong></span> <span class='ocrx_word' id='word_1_214' title='bbox 1210 2096 1266 2143; x_wconf 83' lang='lat' dir='ltr'><strong>et</strong></span> <span class='ocrx_word' id='word_1_215' title='bbox 1296 2091 1442 2144; x_wconf 88' lang='lat' dir='ltr'><strong>aliae</strong></span> <span class='ocrx_word' id='word_1_216' title='bbox 1465 2093 1661 2160; x_wconf 86' lang='lat' dir='ltr'><strong>nigrae</strong></span> <span class='ocrx_word' id='word_1_217' title='bbox 1683 2093 1908 2159; x_wconf 85' lang='lat' dir='ltr'><strong>generis</strong></span> 
     </span>
     <span class='ocr_line' id='line_1_30' title="bbox 304 2155 1911 2228; baseline 0.004 -22"><span class='ocrx_word' id='word_1_218' title='bbox 304 2155 568 2208; x_wconf 85' lang='lat' dir='ltr'><strong>eiusdem.</strong></span> <span class='ocrx_word' id='word_1_219' title='bbox 626 2158 1027 2228; x_wconf 84' lang='lat' dir='ltr'><strong>Nympharena</strong></span> <span class='ocrx_word' id='word_1_220' title='bbox 1062 2162 1214 2212; x_wconf 85' lang='lat' dir='ltr'><strong>urbis</strong></span> <span class='ocrx_word' id='word_1_221' title='bbox 1235 2166 1293 2212; x_wconf 85' lang='lat' dir='ltr'><strong>et</strong></span> <span class='ocrx_word' id='word_1_222' title='bbox 1317 2162 1499 2226; x_wconf 84' lang='lat' dir='ltr'><strong>gentis</strong></span> <span class='ocrx_word' id='word_1_223' title='bbox 1521 2160 1788 2219; x_wconf 76' lang='lat' dir='ltr'><strong>Persicae</strong></span> <span class='ocrx_word' id='word_1_224' title='bbox 1809 2175 1911 2213; x_wconf 84' lang='lat' dir='ltr'><strong>no·</strong></span> 
     </span>
    </p>
   </div>
   <div class='ocr_carea' id='block_1_11' title="bbox 190 2223 1599 2295">
    <p class='ocr_par' dir='ltr' id='par_1_12' title="bbox 190 2223 1599 2295">
     <span class='ocr_line' id='line_1_31' title="bbox 190 2223 1599 2295; baseline 0.006 -21"><span class='ocrx_word' id='word_1_225' title='bbox 190 2274 199 2283; x_wconf 24' lang='grc' dir='ltr'>κ</span> <span class='ocrx_word' id='word_1_226' title='bbox 300 2235 426 2274; x_wconf 86' lang='lat' dir='ltr'><strong>men</strong></span> <span class='ocrx_word' id='word_1_227' title='bbox 450 2223 619 2278; x_wconf 81' lang='lat' dir='ltr'><strong>habet</strong></span> <span class='ocrx_word' id='word_1_228' title='bbox 639 2262 654 2287; x_wconf 90' lang='lat'><strong>,</strong></span> <span class='ocrx_word' id='word_1_229' title='bbox 693 2229 891 2281; x_wconf 90' lang='lat' dir='ltr'><strong>similis</strong></span> <span class='ocrx_word' id='word_1_230' title='bbox 912 2226 1295 2295; x_wconf 81' lang='lat' dir='ltr'><strong>hippopotami</strong></span> <span class='ocrx_word' id='word_1_231' title='bbox 1317 2229 1599 2282; x_wconf 89' lang='lat' dir='ltr'><strong>dentibus.</strong></span> 
     </span>
    </p>
   </div>
   <div class='ocr_carea' id='block_1_12' title="bbox 299 2285 1911 2711">
    <p class='ocr_par' dir='ltr' id='par_1_13' title="bbox 299 2285 1911 2645">
     <span class='ocr_line' id='line_1_32' title="bbox 329 2285 1907 2371; baseline 0.006 -30"><span class='ocrx_word' id='word_1_232' title='bbox 329 2356 335 2363; x_wconf 34' lang='grc'><strong>,</strong></span> <span class='ocrx_word' id='word_1_233' title='bbox 373 2285 546 2371; x_wconf 64' lang='grc' dir='ltr'><em>ΒἸξν.</em></span> <span class='ocrx_word' id='word_1_234' title='bbox 585 2294 724 2347; x_wconf 86' lang='lat' dir='ltr'><strong>Olca</strong></span> <span class='ocrx_word' id='word_1_235' title='bbox 741 2297 975 2350; x_wconf 78' lang='lat' dir='ltr'><strong>barbari</strong></span> <span class='ocrx_word' id='word_1_236' title='bbox 987 2297 1240 2359; x_wconf 80' lang='lat' dir='ltr'><strong>nominis,</strong></span> <span class='ocrx_word' id='word_1_237' title='bbox 1279 2298 1492 2364; x_wconf 82' lang='lat' dir='ltr'><strong>enigro</strong></span> <span class='ocrx_word' id='word_1_238' title='bbox 1515 2296 1804 2366; x_wconf 78' lang='lat' dir='ltr'><strong>fulvoque,</strong></span> <span class='ocrx_word' id='word_1_239' title='bbox 1845 2305 1907 2369; x_wconf 67' lang='lat' dir='ltr'><strong>‚et</strong></span> 
     </span>
     <span class='ocr_line' id='line_1_33' title="bbox 302 2357 1907 2437; baseline 0.007 -30"><span class='ocrx_word' id='word_1_240' title='bbox 302 2357 541 2437; x_wconf 67' lang='lat' dir='ltr'><strong>candido</strong></span> <span class='ocrx_word' id='word_1_241' title='bbox 561 2359 764 2425; x_wconf 86' lang='lat' dir='ltr'><strong>placet.</strong></span> <span class='ocrx_word' id='word_1_242' title='bbox 806 2364 1055 2429; x_wconf 81' lang='lat' dir='ltr'><strong>ombria,</strong></span> <span class='ocrx_word' id='word_1_243' title='bbox 1068 2380 1229 2432; x_wconf 88' lang='lat' dir='ltr'><strong>quam</strong></span> <span class='ocrx_word' id='word_1_244' title='bbox 1253 2365 1428 2434; x_wconf 88' lang='lat' dir='ltr'><strong>aliqui</strong></span> <span class='ocrx_word' id='word_1_245' title='bbox 1450 2367 1662 2418; x_wconf 88' lang='lat' dir='ltr'><strong>notiam</strong></span> <span class='ocrx_word' id='word_1_246' title='bbox 1684 2374 1907 2430; x_wconf 78' lang='lat' dir='ltr'><strong>vocant,</strong></span> 
     </span>
     <span class='ocr_line' id='line_1_34' title="bbox 302 2430 1911 2495; baseline 0.009 -21"><span class='ocrx_word' id='word_1_247' title='bbox 302 2430 451 2475; x_wconf 75' lang='lat' dir='ltr'><strong>sicut</strong></span> <span class='ocrx_word' id='word_1_248' title='bbox 474 2431 736 2480; x_wconf 83' lang='lat' dir='ltr'><strong>ceraunia</strong></span> <span class='ocrx_word' id='word_1_249' title='bbox 765 2438 822 2484; x_wconf 90' lang='lat' dir='ltr'><strong>et</strong></span> <span class='ocrx_word' id='word_1_250' title='bbox 856 2434 1081 2487; x_wconf 86' lang='lat' dir='ltr'><strong>brontia</strong></span> <span class='ocrx_word' id='word_1_251' title='bbox 1101 2469 1117 2495; x_wconf 87' lang='lat'>‚</span> <span class='ocrx_word' id='word_1_252' title='bbox 1159 2435 1356 2487; x_wconf 86' lang='lat' dir='ltr'><strong>cadere</strong></span> <span class='ocrx_word' id='word_1_253' title='bbox 1389 2447 1511 2486; x_wconf 86' lang='lat' dir='ltr'><strong>cum</strong></span> <span class='ocrx_word' id='word_1_254' title='bbox 1550 2435 1825 2489; x_wconf 86' lang='lat' dir='ltr'><strong>imbribus</strong></span> <span class='ocrx_word' id='word_1_255' title='bbox 1847 2444 1911 2489; x_wconf 78' lang='lat' dir='ltr'><strong>et</strong></span> 
     </span>
     <span class='ocr_line' id='line_1_35' title="bbox 299 2484 1909 2580; baseline 0.009 -37"><span class='ocrx_word' id='word_1_256' title='bbox 299 2484 626 2548; x_wconf 68' lang='lat' dir='ltr'><strong>fulminibus</strong></span> <span class='ocrx_word' id='word_1_257' title='bbox 652 2498 904 2580; x_wconf 52' lang='lat' dir='ltr'><strong>fliciture</strong></span> <span class='ocrx_word' id='word_1_258' title='bbox 965 2486 1314 2570; x_wconf 63' lang='lat' dir='ltr'><strong>eundefflilu&#39;e</strong></span> <span class='ocrx_word' id='word_1_259' title='bbox 1351 2500 1627 2558; x_wconf 63' lang='lat' dir='ltr'><strong>&#39;effectum</strong></span> <span class='ocrx_word' id='word_1_260' title='bbox 1673 2500 1909 2568; x_wconf 70' lang='lat' dir='ltr'><strong>habere,</strong></span> 
     </span>
     <span class='ocr_line' id='line_1_36' title="bbox 302 2564 1910 2645; baseline 0.009 -34"><span class='ocrx_word' id='word_1_261' title='bbox 302 2574 462 2645; x_wconf 77' lang='lat' dir='ltr'><strong>quem</strong></span> <span class='ocrx_word' id='word_1_262' title='bbox 484 2564 705 2617; x_wconf 75' lang='lat' dir='ltr'><strong>brontia</strong></span> <span class='ocrx_word' id='word_1_263' title='bbox 725 2602 742 2629; x_wconf 87' lang='lat'>‚</span> <span class='ocrx_word' id='word_1_264' title='bbox 784 2577 1060 2623; x_wconf 88' lang='lat' dir='ltr'><strong>narratur.</strong></span> <span class='ocrx_word' id='word_1_265' title='bbox 1132 2570 1431 2635; x_wconf 78' lang='lat' dir='ltr'><strong>Praeterea</strong></span> <span class='ocrx_word' id='word_1_266' title='bbox 1470 2574 1531 2625; x_wconf 90' lang='lat' dir='ltr'><strong>in</strong></span> <span class='ocrx_word' id='word_1_267' title='bbox 1552 2588 1678 2626; x_wconf 84' lang='lat' dir='ltr'><strong>aras</strong></span> <span class='ocrx_word' id='word_1_268' title='bbox 1701 2574 1910 2626; x_wconf 83' lang='lat' dir='ltr'><strong>addita</strong></span> 
     </span>
    </p>

    <p class='ocr_par' dir='ltr' id='par_1_14' title="bbox 329 2631 1909 2711">
     <span class='ocr_line' id='line_1_37' title="bbox 329 2631 1909 2711; baseline 0.006 -25"><span class='ocrx_word' id='word_1_269' title='bbox 329 2643 388 2696; x_wconf 56' lang='grc' dir='ltr'><strong>’ἢ</strong></span> <span class='ocrx_word' id='word_1_270' title='bbox 407 2631 712 2687; x_wconf 65' lang='lat' dir='ltr'><strong>libamenta</strong></span> <span class='ocrx_word' id='word_1_271' title='bbox 732 2648 843 2686; x_wconf 85' lang='lat' dir='ltr'><strong>non</strong></span> <span class='ocrx_word' id='word_1_272' title='bbox 863 2638 1095 2691; x_wconf 84' lang='lat' dir='ltr'><strong>amburi.</strong></span> <span class='ocrx_word' id='word_1_273' title='bbox 1160 2640 1335 2694; x_wconf 74' lang='lat' dir='ltr'><strong>oritis</strong></span> <span class='ocrx_word' id='word_1_274' title='bbox 1362 2641 1601 2711; x_wconf 74' lang='lat' dir='ltr'><strong>globosa</strong></span> <span class='ocrx_word' id='word_1_275' title='bbox 1620 2643 1830 2711; x_wconf 76' lang='lat' dir='ltr'><strong>specie,</strong></span> <span class='ocrx_word' id='word_1_276' title='bbox 1868 2657 1909 2696; x_wconf 72' lang='grc' dir='ltr'>α</span> 
     </span>
    </p>
   </div>
  </div>
 </body>
</html>
