2017 3034
283 148 604 206 NATUR.
647 148 883 206 ffls‘r.
921 148 1091 211 1213.
1133 141 1390 207 XXXVI.
1425 149 1545 223 25„
1658 153 1729 208 ⁷9

186 249 370 307 XXV.
403 253 451 307 A
494 255 871 309 marmoribus
914 254 1257 325 digredienti
1277 256 1352 308 ad
1385 257 1730 326 reliquorum

116 321 370 389 lapidum
415 324 670 393 insignes
707 333 971 390 naturas,
1011 326 1136 394 quis
1177 327 1398 379 dubitet
1434 328 1494 379 in
1535 328 1732 396 primis

114 399 437 460 magnetem
480 397 813 450 occurrere!
856 396 990 465 quid
1030 396 1180 449 enim
1221 396 1566 449 mirabilius}
1636 405 1735 451 aut

115 474 233 532 qua
266 465 325 514 in
366 471 526 530 parte
561 474 797 519 naturae
830 468 1012 520 maior
1044 465 1412 534 improbitas?
1480 467 1736 521 Dederat

20 530 21 537 ’
116 545 312 585 vocem
358 535 552 598 saxis,
592 541 659 589 ut
696 537 974 600 diximus,
1023 537 1461 604 respondentem
1504 535 1734 601 bomini,

22 1054 23 1057 =
116 1027 348 1089 mque,
392 1026 791 1095 complexuque

117 601 296 654 immo
340 609 473 656 rero
520 613 579 659 et
620 607 1034 672 obloquentem.
1125 606 1274 671 quid
1297 601 1506 675 lapidis
1548 609 1592 659 ri
1637 620 1736 661 ore

145 660 376 739 'igrius‘i
447 675 591 729 Ecce
612 691 813 729 sensus
847 692 1151 744 manusque
1182 677 1387 728 t‘ribuit
1407 674 1517 728 illi.
1587 622 1736 738 {uid

142 743 255 794 erri
279 741 496 795 duritia
530 745 874 814 pugnacius?
946 745 1059 798 Sed
1095 746 1274 808 cedit,
1304 756 1363 799 et
1383 745 1600 815 patitur
1620 760 1738 799 mo·

113 823 238 863 res:
277 811 527 881 trahitur
569 830 806 885 namque
842 830 878 867 a
907 823 1166 889 magnete
1193 816 1402 885 lapide,
1443 815 1736 869 domitrix-z

115 894 226 949 que
268 870 376 934 ffla
415 895 605 936 rerum
645 886 891 938 omnium
932 882 1172 940 materia
1217 885 1292 938 ad
1331 886 1502 939 inane
1540 888 1731 940 nescio

108 951 248 1020 ²quid
272 952 483 1004 curritz
529 961 699 1024 atque
726 958 1041 1076 ut-propius
1071 958 1252 1020 venit,
1288 956 1535 1020 assistit,
1577 964 1733 1011 tenc·

848 1032 1024 1080 aeret.
1095 1026 1367 1080 Sideritin
1389 1027 1461 1079 ob
1485 1025 1592 1079 hoc
1613 1027 1731 1080 alio

20 1136 21 1141 ,
116 1091 346 1145 nomine
369 1094 675 1161 appellant,
714 1096 939 1163 quidam
963 1097 1298 1150 Heracleon.
1373 1097 1611 1166 Magnes
1636 1111 1735 1165 ap·

20 1188 23 1205 =
118 1162 365 1228 peilatus
378 1169 470 1216 est
488 1166 558 1218 ab
580 1169 874 1220 inventore
905 1169 993 1235 (ut
1016 1175 1215 1221 auctor
1236 1172 1327 1220 est
1346 1166 1655 1231 Nicander)
1677 1169 1735 1219 in

117 1230 219 1283 ieta
249 1238 532 1305 repertus.
602 1237 856 1304 Namque
899 1242 957 1288 et
993 1237 1200 1304 passim
1239 1237 1543 1301 invenitur,
1582 1238 1732 1289 utin

119 1300 401 1369 Hispania
440 1319 673 1373 quoque.
744 1306 1028 1359 Invenisse
1068 1311 1255 1357 autem
1294 1303 1481 1357 fertur
1502 1341 1520 1370 ,
1560 1305 1735 1359 clavis
1779 1306 1790 1355 l

124 1371 473 1438 crepidarum
497 1382 551 1426 et
586 1376 777 1429 baculi
811 1375 1040 1442 cuspide
1071 1374 1451 1436 haerentibus,
1497 1389 1619 1426 cum
1643 1390 1733 1429 ar-

124 1447 310 1493 menta
331 1451 615 1513 pasceret.
677 1445 938 1512 Quinque
964 1459 1174 1514 genera
1195 1444 1469 1513 magnetis
1498 1443 1734 1499 Sotacus

22 1564 25 1591 ⁵
125 1508 492 1565 demonstrat:
529 1514 950 1583 Aethiopicum:
994 1514 1341 1582 eMagnesia
1362 1516 1734 1570 Macedonian

22 1594 23 1609 ¹
124 1582 484 1647 contermina,
506 1583 798 1638 Boebeida
820 1584 1004 1637 lacum
1028 1585 1349 1652 petentibus
1367 1584 1602 1639 dextra:
1625 1593 1734 1639 ter·

22 1688 25 1707 ,
122 1653 257 1703 tium
278 1650 342 1704 in
369 1653 668 1721 Hyrietico
688 1654 991 1708 Boeotiae:
1034 1661 1296 1722 quartum
1329 1654 1481 1708 circa
1500 1657 1737 1710 Alexan·

123 1718 300 1774 driam
322 1723 633 1778 Troadem:
673 1727 922 1792 quintum
947 1729 1004 1777 in
1026 1724 1321 1795 Magnesia
1339 1726 1523 1779 Asiae.
1550 1725 1732 1779 Diffe-

120 1791 304 1847 rentia
327 1794 527 1861 prima,
559 1808 677 1846 mas
704 1796 782 1848 sit
801 1813 871 1849 an
891 1796 1128 1848 femina:
1170 1795 1424 1864 proxima
1445 1798 1502 1847 in
1524 1796 1735 1849 colore.

121 1859 263 1914 Nam
288 1863 389 1931 qui
421 1864 479 1914 in
501 1864 794 1932 Magnesia
816 1865 1184 1921 Macedonica
1211 1867 1589 1933 reperiuntur,
1627 1865 1736 1917 rufi

122 1931 384 2000 nigrique
405 1941 554 1985 sunt.
626 1936 902 1988 Boeotius
929 1950 1067 1987 vero
1103 1936 1210 1987 ruli
1242 1935 1452 1988 coloris
1483 1934 1611 2002 plus
1636 1933 1734 1987 ha·

120 2001 229 2066 bet,
272 2017 439 2069 quam
466 2004 628 2071 nigri.
698 2006 753 2058 Is
773 2005 947 2074 quiin
968 2003 1197 2056 Troade
1218 2003 1542 2068 invenitur‚·
1570 2003 1736 2071 niger

121 2079 205 2126 est
227 2080 289 2126 et
316 2073 547 2127 feminei
571 2090 739 2128 sexus
762 2112 780 2139 ‚
817 2074 1060 2141 ideoque
1083 2074 1204 2124 sine
1224 2072 1456 2126 viribus.
1528 2050 1774 2143 nster-f

119 2143 293 2195 rimus
317 2151 506 2195 autem
530 2145 589 2195 in
610 2146 708 2198 Ma
746 2145 905 2197 nesia
921 2147 1103 2205 Asiae,
1125 2142 1412 2204 candidus,
1449 2156 1629 2210 neque
1643 2151 1758 2203 ab,

118 2212 348 2267 hahens
389 2211 602 2266 ferrum
623 2250 642 2279 ‚
732 2215 1012 2283 nmilisque
1054 2213 1279 2281 pumici.
1373 2214 1758 2280 compertum-

108 2289 276 2351 „tanto
324 2284 588 2337 meliores
632 2301 784 2348 esse,
828 2290 1040 2353 quanto
1080 2290 1213 2336 sunt
1251 2283 1442 2353 magisv
1469 2283 1758 2337 caerulei.·

118 2352 454 2421 *ethiopico
484 2353 612 2407 laus
645 2370 862 2408 summa
891 2355 1086 2419 datur,
1140 2352 1469 2422 pondusque
1500 2352 1735 2424 argento

122 2425 479 2492 rependitur.
542 2420 833 2479 Invenitur
852 2424 943 2477 hic
962 2426 1023 2475 in
1042 2423 1374 2492 Aethiopiae
1393 2425 1616 2477 Zimiri=
1657 2424 1754 2476 ita-

123 2502 356 2548 rocatur
395 2494 559 2564 regio
591 2510 847 2551 arenosa.
920 2494 1005 2547 lbi
1038 2500 1097 2546 et
1130 2493 1467 2548 haematites
1507 2507 1739 2562 magum

120 2565 416 2636 sanguinei
455 2566 683 2630 coloris,
722 2565 1163 2634 sanguinemque
1204 2563 1463 2624 reddens,
1501 2562 1552 2613 si
1589 2566 1740 2613 tera·

119 2640 230 2699 tur,
249 2638 356 2692 sed
380 2644 439 2692 et
459 2643 702 2689 crocum.
773 2636 837 2689 ln
859 2632 1192 2687 attrahendo
1215 2628 1375 2685 ‘ferro
1408 2645 1522 2681 non
1544 2628 1742 2680 eadem

124 2702 466 2762 haematitae
488 2712 711 2771 natura,
742 2720 888 2776 quae
910 2703 1177 2772 magneti.
1248 2698 1562 2765 Aethiopici
1578 2711 1742 2764 argu·
