2017 3034
266 222 285 249 ἱ

291 163 362 217 26
458 172 459 175 Ν
622 160 697 233 oc.
754 158 1040 213 ΡωΝιι
1104 156 1479 213 saeuum

286 265 467 327 sitim,
507 277 578 317 ne
600 246 793 317 sensus
817 263 993 323 nimia
1025 260 1320 316 dulcedine
1343 255 1676 323 obstrueret.
1705 278 1719 289 ·
1746 260 1902 314 Huic

293 337 551 401 picturae
594 340 794 400 quater
834 333 1082 386 colorem
1105 332 1346 395 induxit,
1384 331 1635 382 subsidio
1658 330 1902 397 iniur'as

296 413 353 454 et
375 404 692 465 vetustatis,
718 410 799 453 ·ut
820 401 1127 455 decedente
1148 403 1436 470 superiore
1455 400 1692 452 inferior
1708 415 1899 452 succe-

295 473 474 524 deret.
496 472 602 523 Est
624 473 678 522 in
702 487 770 524 ea
791 474 943 524 canis
965 473 1106 525 mire
1117 470 1318 532 factus,
1333 476 1395 521 ut
1418 485 1577 537 quem
1592 469 1905 536 pariter-car
1941 486 1952 495 ·

294 558 390 594 nus
404 551 462 594 et
478 557 569 593 ars
594 543 853 609 pinxerit.
879 543 1003 593 Non
1026 537 1326 595 iudicabat
1340 554 1403 592 se
1426 540 1737 606 exprimere
1758 540 1815 590 in
1836 552 1905 590 eo

295 625 547 678 spumam
573 610 883 663 anhelantis
906 625 1089 678 posse,
1107 627 1228 663 cum
1251 611 1310 663 in
1331 611 1547 675 reliqua
1569 608 1721 659 omni
1742 613 1906 675 parte

293 681 464 746 (quod
487 680 872 750 difficillimum
897 685 1042 744 erat)
1072 682 1180 733 sibi
1202 681 1322 747 ipse
1345 679 1732 735 satisfecisset.
1769 678 1902 730 Dis·

293 751 540 816 plicebat
563 757 747 803 autem
770 765 862 802 ars
881 752 1022 819 ipsa,
1057 749 1357 811 necminui
1381 754 1632 815 poterat,
1673 753 1732 799 et
1755 747 1904 798 vide·

295 820 464 870 batur
486 820 675 883 nimia,
697 836 763 873 ac
784 820 1009 888 longius
1033 835 1068 871 a
1089 819 1328 880 veritate
1353 816 1658 880 discedere,
1681 829 1904 883 spuma-

298 904 403 955 que
427 889 530 940 illa
549 888 718 956 pingi,
756 902 869 940 non
892 903 962 942 ex
981 902 1082 941 ore
1103 889 1274 950 nasci,
1307 887 1472 939 anxio
1498 888 1665 938 animi
1688 887 1904 938 crucia-

295 967 375 1021 tu,
397 972 522 1008 cum
544 959 605 1009 in
628 959 849 1026 pictura
868 973 1060 1011 verum
1082 972 1226 1020 esse,
1246 971 1357 1007 non
1376 953 1683 1008 verisimile
1703 955 1901 1007 vellet:

298 1027 641 1079 absterserat
659 1030 898 1094 saepius,
936 1032 1356 1092 mutaveratque
1378 1025 1714 1092 penicillum,
1745 1025 1903 1076 nullo

295 1094 464 1146 modo
487 1096 597 1148 sibi
619 1097 948 1163 approbans.
979 1094 1469 1147 Postremo‘iratus
1493 1094 1622 1156 arti,
1642 1094 1790 1162 quod
1815 1095 1906 1145 in-

292 1165 669 1230 telligeretur,
701 1165 1004 1232 ,spongiam
1038 1179 1159 1215 eam
1204 1165 1438 1232 impegit
1457 1164 1641 1215 inviso
1665 1164 1790 1214 loco
1815 1169 1902 1214 ta·

297 1233 481 1295 bulae,
525 1240 581 1286 et
601 1234 704 1286 illa
724 1235 981 1302 reposuit·
994 1234 1215 1285 ablatos
1237 1234 1471 1295 colores,
1509 1232 1750 1299 qualiter
1769 1247 1907 1284 cura

298 1305 562 1370 optabat:
588 1302 834 1387 fecitque
855 1304 911 1355 in
935 1303 1158 1370 pictura
1180 1302 1404 1355 fortuna
1423 1308 1718 1355 natm-am.-
1749 1356 1753 1363 ,
1777 1302 1905 1357 noo

298 1373 558 1440 exemplo
580 1374 783 1425 similis
807 1380 862 1424 et
877 1374 1137 1427 Nealcem
1159 1380 1447 1427 successus
1468 1375 1523 1423 in
1544 1378 1742 1439 spuma
1754 1373 1906 1439 equi,

298 1441 821 1510 similiter‘spongia
838 1444 1111 1509 impacta,
1141 1448 1366 1494 secutus
1389 1441 1611 1504 dicitur,
1635 1457 1759 1493 cum
1785 1444 1906 1509 pin·

298 1509 461 1576 geret
500 1518 863 1577 poppyzonta
903 1511 1236 1564 retinentem
1282 1526 1500 1579 equum.
1575 1511 1781 1564 Canem
1821 1511 1920 1562 ita>

297 1578 645 1649 Protogenes
685 1582 1026 1633 monstravit
1066 1586 1124 1631 et
1165 1578 1414 1632 fortuna.
1485 1580 1724 1648 Propter
1755 1580 1906 1633 hunc
2005 1596 2010 1651 ᾗ

293 1647 562 1713 lalysum‚
584 1662 653 1699 ne
676 1657 949 1702 cremaret
969 1650 1190 1710 tabulas
1209 1649 1532 1702 Demetrius
1551 1665 1671 1712 rex,
1685 1665 1808 1703 cum
1834 1652 1904 1702 ab
2009 1660 2010 1675 ¹

296 1731 365 1766 ea
386 1721 548 1782 parte
571 1717 694 1768 sola
714 1726 906 1785 posset
928 1718 1183 1771 Rhodum
1202 1733 1439 1786 capere,
1480 1734 1589 1770 non
1620 1720 1903 1772 incendit:

293 1789 730 1852 parcentemque
750 1788 1001 1853 picturae
1021 1787 1170 1856 fugit
1190 1789 1413 1840 occasio
1434 1788 1720 1842 victoriae.
1762 1793 1907 1844 Erat

293 1862 428 1905 tunc
450 1853 795 1924 Protogenes
816 1857 874 1908 in
897 1858 1218 1910 suburbano
1247 1855 1476 1910 hortulo
1497 1872 1599 1910 suo
1615 1893 1632 1922 ‚
1673 1858 1780 1912 hoc
1800 1868 1907 1923 est,
2007 1870 2008 1879 ¹

294 1922 576 1976 Demetrii
599 1926 816 1976 castris.
888 1925 1086 1994 Neque
1106 1927 1509 1994 interpellatus
1548 1923 1778 1994 proeliis
1819 1931 1904 1980 in-

293 1992 502 2049 choata
521 2008 690 2061 opera
709 1994 1007 2048 intermisit
1029 1998 1290 2048 omnino=
1332 1997 1441 2049 nisi
1462 1999 1676 2050 accitus
1711 2013 1905 2068 arege
2003 2008 2007 2023 ·

291 2066 796 2131 interrogatusque,
829 2079 937 2132 qua
959 2058 1164 2116 fiducia
1183 2070 1345 2117 extra
1363 2081 1551 2117 muros
1573 2074 1788 2138 ageret,
1810 2083 1903 2121 re-

292 2131 549 2197 spondit,
591 2132 737 2184 scire
760 2147 820 2187 se
841 2149 961 2184 cum
983 2132 1222 2186 Rhodiis
1241 2135 1328 2185 illi
1348 2135 1561 2189 bellum
1589 2151 1749 2202 esse,
1791 2153 1906 2190 non
2003 2176 2004 2181 κ

295 2216 419 2252 cum
442 2201 677 2253 artibus.
713 2201 1009 2269 Disposuit
1031 2216 1167 2270 ergo
1187 2217 1290 2254 rex
1311 2204 1370 2255 in
1392 2204 1630 2257 tutelam
1652 2206 1775 2260 eius
1794 2212 1910 2260 sta·

293 2269 497 2331 tiones,
542 2268 790 2337 gaudens
813 2271 960 2339 quod
984 2277 1176 2337 posset
1196 2286 1391 2325 manus
1413 2287 1660 2338 servare,
1700 2276 1910 2343 quibus

208 2389 223 2401 ,
293 2337 409 2389 iam
453 2346 812 2404 pepercerat:
855 2346 912 2391 et
953 2355 1024 2391 ne
1054 2339 1285 2406 saepius
1308 2349 1593 2407 avocaret,
1631 2345 1789 2397 ultro
1834 2345 1912 2397 ad

297 2421 423 2457 eum
446 2406 602 2459 venit
622 2405 821 2471 hostis,
839 2398 1163 2475 relictisque
1184 2410 1462 2463 victoriae
1483 2428 1621 2466 suae
1642 2417 1811 2478 votis,
1827 2415 1914 2466 in-

297 2480 393 2527 ter
411 2489 567 2527 arma
594 2482 651 2529 et
670 2492 954 2529 murorum
974 2477 1122 2529 ictus
1144 2483 1422 2545 spectavit
1443 2485 1738 2536 artificem.
1804 2484 1909 2536 Se·

301 2545 602 2611 quiturque
638 2546 891 2597 tabulam
934 2546 1054 2597 eius
1077 2551 1345 2614 temporis
1369 2552 1509 2605 haec
1532 2552 1705 2616 fama,
1755 2554 1915 2620 quod

302 2626 426 2664 eam
446 2613 787 2681 Protogenes
808 2615 913 2666 sub
933 2614 1121 2681 gladio
1145 2619 1405 2682 pinxerit.
1425 2621 1665 2691 Satyrus
1688 2622 1779 2674 hic
1800 2630 1914 2688 est,

304 2694 466 2747 quem
488 2685 959 2748 Anapauomonon
976 2693 1203 2748 secant,
1223 2702 1295 2740 ne
1317 2689 1448 2756 quid
1472 2689 1617 2744 desit
1635 2693 1915 2759 temporis
1953 2732 1962 2741 .
