2017 3034
251 129 558 183 NATUR.
596 128 819 183 msr.
856 128 1021 181 Lm.
1050 126 1305 183 xxxv.
1339 88 1428 181 Ῑιο.
1543 126 1629 181 33

38 232 678 305 ΜΜατοηίῐεε,
717 232 1042 285 Glaucionis
1076 228 1348 283 Corinthii
1386 229 1627 297 discipu-

40 307 140 367 lus,
177 312 239 355 et
264 304 547 355 austerior
568 302 777 365 colore,
818 306 875 352 et
895 303 953 350 in
974 301 1306 352 austeritate
1325 300 1633 362 iucundior,

43 375 181 433 utin
202 377 334 439 ipsa
351 373 572 439 pictura
590 370 832 422 eruditio
855 369 1093 421 eluceat.
1140 366 1332 418 Pinxit
1351 367 1404 417 in
1424 366 1631 433 templo

44 443 311 497 Eleusine
355 440 741 509 phylarchum,
781 436 1032 495 Athenis,
1051 435 1431 502 frequentiam,
1478 450 1635 501 quam

45 526 323 564 vocavere
344 510 710 577 Syngenicon.
735 510 872 559 ltem
896 506 1162 558 Achillem
1186 505 1420 586 virginis
1446 502 1640 557 habitu

44 581 412 640 occultatum,
434 580 501 630 Ul
542 594 632 630 sse
655 579 723 629 de
761 592 789 627 r
864 591 892 626 e
1003 582 1113 626 nte.
1271 588 1327 623 in
1348 587 1460 622 una
1483 580 1544 622 ta
1583 589 1642 623 u·

46 642 113 710 la,
155 657 260 713 sex
305 648 429 716 sign'
433 663 495 701 ax
535 662 747 714 quaque
770 648 1007 696 maxime
1028 638 1302 703 inclaruit,
1343 654 1642 708 agasonem

48 732 169 768 cum
215 732 385 784 equo.
459 714 620 780 Quod
645 717 752 767 nisi
787 717 843 767 in
877 717 1102 766 iuventa
1124 710 1372 773 obiisset,
1405 724 1567 765 nemo
1589 711 1643 761 ei

49 793 484 854 compararetur.
1377 795 1382 800 ’

115 854 204 907 30.
241 857 348 906 Est
369 865 564 906 nomen
588 859 645 905 et
662 850 949 905 Heraclidi
970 848 1283 903 Macedoni.
1354 845 1524 898 initio
1547 860 1641 896 na·

51 938 144 974 ves
166 925 381 990 pinxit:
429 930 701 990 captoque
739 936 872 989 rege
900 919 1111 970 Perseo
1132 914 1371 967 Athenas
1407 914 1637 967 commi-

53 994 263 1058 gravit,
305 992 407 1042 ubi
428 993 619 1044 eodem
640 997 889 1056 tempore
919 992 1040 1038 erat
1060 983 1416 1036 Metrodorus
1439 985 1640 1050 pictor,

48 1063 311 1129 idemque
330 1059 704 1127 philosophus,
720 1060 950 1123 maginae
969 1057 1027 1105 in
1048 1061 1279 1119 utraque
1298 1055 1528 1105 scientia
1547 1066 1617 1102 au
1632 1085 1648 1115 ⁴,

51 1130 352 1182 ctoritatis.
409 1130 598 1193 ltaque
621 1141 738 1176 cum
761 1125 825 1176 L.
848 1124 1054 1176 Paulus
1076 1123 1291 1174 devicto
1316 1122 1515 1174 Perseo
1539 1134 1635 1187 pe·

53 1200 216 1253 tisset
238 1200 311 1253 ab
330 1195 770 1256 Atheniensibus,
787 1198 851 1244 ut
871 1193 980 1245 sibi
1002 1206 1162 1258 quam
1184 1191 1636 1256 probatissimum

55 1265 442 1333 philosophum
465 1265 750 1315 mitterent
771 1261 841 1313 ad
865 1259 1197 1313 erudiendos
1219 1260 1441 1317 liberos,
1473 1259 1609 1308 item

62 1348 161 1402 que
180 1333 552 1403 pictorem-ad
575 1330 913 1396 triumphum
937 1325 1318 1386 excolendum,
1341 1325 1637 1377 Athenien·

61 1418 146 1456 ses
164 1402 545 1461 Metrodorum
571 1401 874 1466 elegerunt,
897 1396 1131 1463 professi
1153 1394 1384 1446 eundem
1406 1394 1464 1442 in
1484 1398 1638 1443 utro·
1701 1428 1707 1446 ,

60 1487 166 1538 que
209 1472 482 1527 desiderio
526 1467 1087 1538 praestantissimumz
1132 1464 1275 1532 quod
1316 1465 1397 1513 ita
1431 1461 1646 1514 Paulus

60 1555 273 1609 quoqne
294 1539 578 1591 iudicavit.
906 1589 913 1599 .
1553 1550 1566 1581 .·

125 1607 519 1661 Timomachus
542 1605 854 1674 Byzantius
869 1602 1119 1656 Caesaris
1141 1599 1432 1653 dictatoris
1455 1605 1639 1650 aetate

59 1678 279 1731 Aiacem
322 1684 383 1729 et
404 1677 661 1729 Medeam
706 1675 903 1743 pinxit,
945 1672 1014 1722 ab
1041 1687 1107 1723 eo
1129 1671 1185 1721 in
1206 1671 1441 1724 Veneris
1464 1668 1642 1719 Gene-

56 1748 214 1799 tricis
253 1746 390 1799 aede
430 1748 659 1811 positas,
698 1742 981 1809 octoginta
1018 1740 1245 1792 talentis
1282 1736 1639 1789 venundatas.

55 1817 350 1869 Talentum
376 1816 610 1867 Atticum
636 1811 703 1863 X.
728 1813 805 1865 Vl
828 1810 965 1861 mill.
986 1814 1148 1861 taxat
1172 1808 1251 1858 M.
1272 1809 1473 1861 Varro.
1546 1804 1640 1854 Ti-

55 1883 326 1938 monachi
336 1899 525 1950 aeque
545 1881 842 1934 laudantur
856 1881 1104 1939 Orestes,
1123 1875 1409 1943 Iphigenia
1429 1875 1485 1925 in
1495 1874 1639 1924 Tau-

53 1954 148 2016 ris,
189 1953 499 2020 Lecythion
518 1950 792 2019 agilitatis
817 1950 1167 2008 exercitator,
1208 1944 1464 2010 cognatio
1485 1939 1641 1993 nobi-

55 2024 218 2075 lium:
241 2023 480 2089 palliati,
498 2035 637 2091 quos
659 2020 905 2070 dicturos
925 2015 1123 2081 pinxit,
1135 2012 1370 2064 alterum
1382 2013 1639 2070 stantem,
1670 2010 1682 2025 ·
1709 2046 1716 2053 .

55 2093 292 2144 alterum
334 2090 636 2143 sedentem.
690 2085 1010 2155 ,Praecipue
1033 2091 1220 2133 tamen
1249 2096 1340 2133 ars
1363 2081 1416 2130 ei
1433 2075 1639 2130 favisse

52 2163 113 2213 in
135 2160 402 2228 Gorgone
419 2159 544 2211 visa
565 2164 668 2209 est.
830 2204 837 2213 ,
1235 2156 1242 2169 ’

120 2226 207 2283 31.
248 2229 489 2283 Pausiae
538 2231 564 2277 t
584 2226 747 2276 filius'
765 2227 822 2275 et
861 2218 1163 2285 discipulus
1182 2211 1488 2268 Aristolaus
1510 2227 1542 2265 e
1559 2227 1640 2265 se·

54 2298 364 2351 verissimis
385 2243 687 2363 pingi-ibus
710 2292 847 2345 suite
873 2290 1030 2361 cuius
1050 2290 1193 2347 sunt,
1214 2282 1641 2352 Epaminondas,

47 2365 319 2431 ‚Paridon
357 2364 578 2426 Medea,
614 2362 808 2414 Virtus
823 2394 840 2423 ‚
880 2357 1158 2411 Theseus:
1201 2355 1387 2422 imago
1424 2353 1643 2407 Atticae

56 2436 267 2503 pletis,
306 2437 474 2488 boum
496 2430 820 2485 immolatio.
896 2428 1037 2479 Sunt
1059 2423 1251 2493 quibus
1277 2430 1333 2476 et
1352 2419 1645 2488 Mechopa-

59 2512 157 2556 nes
195 2504 447 2557 eiusdem
481 2502 719 2565 Paus'ae
755 2496 1058 2563 discipulus
1088 2495 1308 2560 placeat
1336 2490 1648 2556 diligentia,

58 2576 221 2639 quain
242 2572 564 2639 intelligant
580 2520 977 2628 anxiat-tilica,
1019 2564 1158 2615 alias
1174 2563 1349 2615 'durus
1372 2561 1429 2611 in
1447 2556 1649 2609 colori·

59 2643 176 2707 bus,
195 2648 257 2697 et
277 2642 385 2694 sile
404 2640 635 2692 multus.
666 2638 807 2690 Nam
832 2632 1091 2685 Socrates
1110 2632 1235 2683 iure
1255 2627 1511 2684 omnibus
1533 2622 1648 2690 pla·
1671 2692 1676 2697 ,

126 2708 320 2781 Pam.
357 2712 529 2765 'rom
559 2709 647 2766 V„
726 2701 736 2709 '
1185 2700 1236 2753 C
