2017 3034
324 153 433 210 142
710 151 770 203 C.
829 145 1113 202 PL1N11
1168 141 1547 198 SECUNDI

327 261 473 316 cute,
493 254 553 305 in
574 251 970 320 capillamento
993 249 1232 319 fulgoris
1252 240 1649 310 inconstantia,
1696 250 1756 298 et
1776 247 1931 313 prius

328 340 493 394 quam
515 322 588 374 ad
611 322 804 374 oculos
829 323 1147 387 perveniat,
1190 319 1447 370 desinens
1471 318 1637 367 nitor.
1693 315 1935 368 Decussi

329 391 629 461 fragmenti
667 391 908 458 paulum,
945 388 1095 455 quod
1131 388 1191 438 in
1231 387 1447 439 lamina
1473 384 1658 438 ferrea
1701 391 1936 445 teratur,

329 461 770 517 efficacissimum
834 459 1234 524 experiment0‚
1293 461 1564 507 excusant
1625 468 1935 521 mangones

330 545 692 600 gemmarum.
764 529 1047 580 Recusant
1076 525 1336 579 similiter
1367 531 1425 576 et
1457 524 1625 575 limae
1652 524 1938 588 probatio-

330 615 496 666 nem„
584 597 924 649 Obsidianae
962 594 1285 663 fragmenta
1324 609 1484 645 veras
1540 606 1794 660 gemmas
1833 605 1940 642 non

333 669 662 720 scarificant.
732 665 1025 726 Fictitiae,
1061 663 1497 714 scarificationes
1520 654 1937 713 candicantium

332 736 576 806 fugiunt.
661 737 956 800 Tantaque
997 731 1330 789 differentia,
1358 735 1472 794 est,
1510 737 1575 781 ut
1602 729 1749 782 aliae
1788 729 1940 782 ferro
1987 744 1994 751 ·

333 807 509 874 scalpi
549 820 661 857 non
705 804 954 871 possint,
997 802 1143 852 aliae
1182 817 1296 852 non
1333 800 1451 852 nisi¹
1493 805 1704 862 retuso,
1742 812 1939 852 verum

330 889 525 927 omnes
570 874 884 926 adamante.
953 870 1260 938 Plurimum
1298 884 1432 921 vero
1472 870 1533 920 in
1573 867 1666 920 his
1689 870 1940 921 terebra·

332 959 456 1001 rum
479 944 700 1010 proficit
722 941 930 994 fervor.
960 939 1288 992 Gemmiferi
1309 952 1500 991 amnes
1522 944 1650 988 sunt
1670 938 1938 991 Acesines

303 1047 310 1052 -
333 1019 398 1065 et
419 1013 663 1078 Ganges:
702 1017 976 1063 terrarum
999 1017 1187 1061 autem
1212 1008 1459 1059 omnium
1481 1005 1721 1059 maxime
1739 1007 1921 1060 India.

403 1079 687 1132 Lxxvn.
724 1081 800 1130 Et
830 1080 940 1131 iam
973 1079 1216 1146 peractis
1248 1078 1505 1128 omnibus
1540 1080 1781 1129 naturae
1811 1091 1940 1144 ope·
2009 1106 2010 1113 κ

238 1155 243 1160 ’
330 1149 505 1210 ribus,
530 1148 829 1200 discrimen
849 1147 1131 1213 quoddam
1154 1161 1337 1198 rerum
1367 1147 1612 1212 ipsarum
1634 1152 1808 1214 atque
1825 1152 1938 1198 ter-

248 1252 255 1257 ·
331 1232 520 1270 rarum
542 1218 732 1269 facere
750 1218 1058 1268 conveniat.
1128 1215 1280 1281 Ergo
1311 1216 1373 1264 in
1401 1220 1525 1266 toto
1559 1215 1695 1266 orbe
1732 1220 1794 1266 et
1813 1228 1940 1283 qua·
2009 1230 2010 1269 ἢ

335 1300 551 1354 cunque
595 1285 739 1339 caeli
784 1286 1107 1337 convexitas
1143 1286 1369 1350 vergit,
1426 1278 1813 1351 pulcherrirna
1855 1288 1939 1336 est
2009 1324 2010 1347 ÷

337 1361 579 1421 omnium
601 1390 618 1419 ,
671 1355 944 1420 rebusque
962 1353 1170 1404 merito
1190 1355 1561 1418 principatum
1584 1358 1828 1411 naturae
1849 1353 1941 1405 ob·
2009 1349 2010 1401 ἲ

333 1427 519 1478 tineus
540 1462 558 1487 ,
596 1425 792 1488 ltalia,
828 1422 1037 1475 rectrix
1057 1437 1365 1489 parensque
1387 1421 1578 1472 mundi
1600 1419 1787 1474 altera
1808 1456 1825 1485 ,
1864 1422 1941 1472 vi·
1975 1468 1980 1475 ,
2009 1440 2010 1451 ¹

334 1497 436 1557 ris,
475 1493 734 1554 feminis,
774 1492 1038 1554 ducibus,
1078 1491 1381 1551 militibus,
1424 1490 1692 1552 servitiis,
1731 1491 1938 1542 artium
2009 1506 2010 1511 ¹

333 1563 682 1631 praestantia
700 1597 718 1624 ,
758 1560 1115 1629 ingeniorum
1157 1560 1510 1620 claritatibus
1531 1593 1548 1622 ,
1587 1559 1701 1612 iam
1732 1562 1850 1612 'situ
1873 1562 1940 1615 a't
2009 1580 2010 1605 u

335 1631 666 1684 salubritate
693 1626 831 1682 caeli
853 1635 1021 1698 atque
1042 1631 1329 1696 temperie,
1372 1643 1596 1682 accessu
1620 1635 1941 1683 cunctarum
2009 1680 2010 1696 ¹

296 1716 307 1721 ·
334 1702 588 1769 gentium
630 1697 815 1762 facili,
854 1699 1120 1761 litoribus
1160 1696 1444 1766 portuosis
1469 1735 1486 1761 ,
1524 1699 1768 1767 benigno
1808 1714 1940 1761 veu-
2009 1700 2010 1713 ¹

330 1781 522 1825 torum
563 1769 784 1831 affiatu,
826 1770 1060 1832 (etenim
1103 1769 1378 1841 contingit
1418 1768 1803 1834 procurrentis
1847 1782 1943 1836 po-
2009 1788 2010 1815 l

338 1839 475 1890 sitio
499 1839 560 1889 in
582 1844 803 1904 partem
841 1839 1221 1902 utilissimam,
1264 1845 1323 1890 et
1342 1842 1488 1890 inter
1509 1844 1665 1890 ortus
1688 1853 1943 1890 occasus·
2009 1838 2010 1847 ’

337 1922 445 1975 que
472 1906 736 1973 mediam)
785 1923 1053 1975 aquarum
1086 1907 1249 1974 copia
1268 1942 1285 1970 ,
1321 1920 1616 1960 nemorum
1645 1904 1943 1960 salubrita-

334 1983 432 2041 te,
471 1977 746 2030 montium
788 1977 1045 2029 articulis
1068 2013 1086 2041 ,
1125 1976 1373 2029 ferorum
1412 1972 1940 2035 animalium‘inna·

339 2046 539 2110 centia,
583 2046 695 2111 soli
713 2045 1035 2108 fertilitate,
1077 2046 1270 2112 pabuli
1306 2049 1605 2099 ubertate(
1657 2032 1944 2114 Quidquid
2009 2054 2010 2071 ³

336 2122 425 2168 est
445 2150 462 2178 ,
496 2130 606 2183 quo
629 2130 818 2168 carere
840 2115 960 2167 vita
978 2130 1089 2166 non
1111 2115 1315 2168 debeat
1333 2151 1350 2179 ,
1389 2130 1659 2182 nusquam
1682 2121 1769 2166 est
1790 2124 1943 2182 prae·

337 2186 613 2237 stantius:
657 2184 882 2254 fruges,
921 2187 1143 2247 vinum,
1179 2185 1343 2247 olea,
1382 2185 1627 2247 vellera,
1667 2184 1813 2247 lina,
1849 2199 1943 2237 ve·
2009 2202 2010 2213 ¹

333 2261 476 2314 stes,
516 2254 751 2305 iuvenci.
825 2253 908 2306 Ne
941 2267 1113 2320 equos
1150 2254 1369 2320 quidem
1400 2254 1463 2305 in
1495 2255 1748 2321 trigariis
1782 2266 1941 2321 pmc-
2009 2312 2010 2315 ,

332 2320 476 2373 ferri
507 2321 653 2373 ullos
681 2322 994 2374 vernaculis
1034 2323 1437 2381 animadverto.
1510 2322 1766 2374 Metallis
1796 2320 1943 2384 auri,
2009 2324 2010 2331 ’

336 2391 575 2457 argenti,
614 2390 780 2452 aeris,
821 2390 980 2454 ferri,
1024 2392 1287 2458 quamdiu
1309 2393 1474 2445 libuit
1495 2407 1783 2454 exercere,
1823 2389 1943 2447 nul·

334 2457 409 2513 lis
434 2458 637 2509 cessit:
679 2463 737 2508 et
771 2458 841 2509 iis
873 2476 1018 2511 nunc
1059 2461 1117 2511 in
1150 2476 1212 2513 se
1239 2461 1475 2528 gravida
1492 2476 1594 2527 pro
1615 2461 1780 2528 ‘omni
1802 2448 1941 2513 do'te
2009 2452 2010 2481 ³

337 2526 526 2578 varios
569 2538 807 2589 succos,
883 2533 940 2579 et
998 2528 1222 2596 frugum
1264 2545 1669 2595 pomorumque
1716 2544 1946 2597 sapores

348 2595 547 2646 fundit.
568 2594 650 2646 Ab
671 2608 754 2656 ea,
774 2597 1021 2663 exceptis
1041 2598 1232 2650 Indiae
1255 2598 1544 2660 fabulosis,
1555 2599 1807 2665 proxime
1826 2599 1944 2664 qui-

343 2662 466 2716 dem
480 2663 747 2739 duxerim
768 2663 1112 2732 Hispaniam,
1132 2682 1458 2735 quacunque
1480 2669 1730 2722 ambitur
1750 2669 1912 2721 mari.
