2017 3034
278 138 409 226 =22
708 170 767 221 c.
837 168 1110 220 rhum
1179 160 1545 221 seculum
1602 165 1608 172 ·

339 274 508 326 venit.
579 268 709 323 Fuit
731 271 878 322 enim
902 276 960 322 et
983 266 1217 322 comitas
1236 266 1343 331 illi,
1373 275 1602 336 propter
1618 284 1784 339 quam
1809 258 1932 338 gmss
1957 336 1958 339 Ἴ

336 346 453 393 tior
470 339 785 395 Alexandro
808 341 1028 407 Magno*
1043 344 1190 400 erat,
1228 334 1552 404 frequenter
1573 341 1627 390 in
1645 340 1929 392 officinam

340 406 666 462 ventitantit
699 424 843 471 nam,
864 415 927 459 ut
952 408 1208 470 diximus,
1231 408 1299 459 ab
1324 406 1439 458 alio
1461 408 1617 476 pingi
1636 424 1713 472 se,
1731 416 1946 464 reme-¹

238 536 241 541 ⁵
313 485 430 550 *rat
451 477 651 531 edicto,
724 476 833 531 Sed
856 477 988 528 etin
1023 476 1242 528 officina
1271 476 1529 544 imperite
1560 478 1735 530 multa
1755 478 1932 530 disse·

336 532 490 599 renti
512 544 792 601 silentium
814 547 1052 599 comiter
1074 546 1362 609 suadebat,
1400 548 1572 601 rideri
1595 564 1718 600 eum
1741 547 1933 600 dicens

341 633 374 666 a
396 615 578 682 pueris
600 616 691 681 qui
713 615 929 667 colores
953 621 1219 668 tererent.
1289 618 1529 669 Tantum
1552 625 1676 671 erat
1696 618 1933 669 auctori·
1989 618 1994 677 ’γ

341 685 451 735 tati
481 683 620 735 iuris
657 684 714 744 in
746 699 951 753 regem,
994 685 1208 752 alioqui
1234 683 1578 738 iracundum:
1621 700 1956 754 quanquam-
1993 718 1994 753 ξ

341 753 659 806 Alexander
680 752 945 805 honorem
967 753 1022 805 ei
1043 754 1355 806 clarissimo
1378 757 1632 820 praebuit
1658 757 1931 822 exemplo.
1983 774 1994 815 η

341 822 596 891 Namque
636 836 761 875 cum
796 822 1059 876 dilectam
1095 823 1204 874 sibi
1238 838 1306 876 ex
1338 824 1569 890 pallacis
1591 825 1705 878 suis
1725 824 1952 895 praeci--

343 907 472 958 pue,
492 893 712 944 nomine
735 890 1097 958 Campaspen,
1120 891 1322 944 nudam
1343 893 1501 960 pingi
1527 894 1595 944 ob
1616 894 1936 946 admiratio·

344 975 469 1013 nem
493 960 709 1013 formae
726 962 795 1022 ab
819 962 1015 1027 Apelle
1039 962 1307 1024 iussisset,
1323 976 1554 1030 eumque
1573 969 1686 1014 tum
1708 963 1831 1030 pari
1851 978 1937 1014 ca-
1995 994 1996 999 =

344 1036 502 1096 ptum
527 1044 717 1083 amore
741 1031 1024 1091 sensisset,
1047 1030 1194 1081 dono
1216 1044 1337 1082 eam
1361 1030 1536 1082 dedit.
1559 1031 1798 1097 Magnus
1821 1034 1937 1082 ani·
1997 1074 1998 1103 2

344 1114 459 1162 mo,
496 1099 680 1165 maior
700 1098 935 1165 imperio
957 1097 1073 1149 sui:
1111 1112 1213 1151 nec
1235 1100 1414 1149 minor
1435 1097 1540 1151 hoc
1563 1098 1730 1162 facto,
1770 1115 1935 1167 quam

347 1167 585 1220 victoria
605 1166 813 1235 aliqua.
883 1168 1104 1234 Quippe
1124 1182 1184 1227 se
1204 1166 1357 1228 vicit,
1388 1182 1490 1218 nec
1508 1176 1693 1220 torum
1720 1175 1937 1221 tantum

346 1252 506 1289 suum
524 1273 541 1300 ,
581 1235 679 1289 sed
705 1236 874 1288 etiam
896 1234 1157 1287 affectum
1181 1235 1408 1287 donavit
1438 1236 1669 1289 artifici:
1712 1252 1780 1289 ne
1804 1236 1939 1290 dile-

348 1314 471 1358 ctae
514 1305 735 1373 quidem
780 1310 1038 1371 respectu
1079 1310 1282 1366 motus,
1325 1312 1387 1355 ut
1427 1320 1569 1371 quae
1602 1298 1766 1357 modo
1788 1302 1937 1374 regis

344 1376 564 1437 fuisset,
586 1375 753 1427 modo
778 1374 1007 1441 pictoris
1025 1380 1194 1426 esset.
1218 1373 1359 1425 Sunt
1381 1371 1475 1440 qui
1496 1374 1771 1428 Venerem
1791 1377 1935 1429 'Ana-

349 1446 660 1512 dyomenen
681 1443 783 1494 illo
807 1445 1008 1513 pictam
1032 1442 1333 1508 exemplari
1357 1450 1569 1510 putant.
1851 1500 1858 1503 ,

421 1510 504 1563 13.
540 1511 765 1581 Apelles
786 1514 844 1563 et
865 1513 921 1562 in
946 1512 1178 1564 aemulis
1197 1512 1496 1579 benignus,
1530 1510 1827 1581 Protogeni
1854 1515 1936 1567 di·
2001 1528 2002 1539 ¹

348 1582 668 1648 gnationem
711 1581 917 1646 primus
939 1580 1124 1631 Rhodi
1151 1581 1460 1632 constituit.
1532 1581 1805 1635 sordebat
1841 1584 1940 1634 ille

349 1650 488 1712 suis,
502 1656 567 1700 ut
584 1649 905 1716 plerumque
924 1648 1254 1701 domestica:
1276 1651 1726 1717 percontantique
1747 1653 1944 1717 quanti

346 1720 547 1771 liceret
572 1732 742 1784 opera
760 1715 970 1779 effecta,
993 1732 1219 1783 parvum
1234 1720 1422 1771 nescio
1446 1720 1576 1786 quid
1601 1719 1849 1772 dixerat:
1884 1728 1943 1772 at

350 1789 447 1840 ille
486 1786 884 1856 quinquagenis
916 1786 1147 1841 talentis
1188 1788 1468 1855 poposcit:
1517 1790 1829 1855 famamque
1863 1789 1943 1839 di·

276 1896 283 1901 .
348 1858 568 1923 apersit,
587 1870 647 1908 se
667 1869 865 1918 emere,
886 1862 949 1907 ut
972 1870 1072 1923 pro
1096 1856 1211 1908 suis
1231 1857 1516 1911 venderet.
1589 1859 1674 1909 Ea
1694 1874 1785 1910 res
1809 1872 1940 1909 con·

352 1927 547 1979 citavit
566 1923 819 1977 Rhodios
842 1925 911 1977 ad
933 1924 1358 1992 intelligendum
1382 1928 1679 1980 artificeme
1710 1942 1815 1980 nec
1836 1927 1945 1979 nisi

350 1994 688 2060 augentibus
712 1993 966 2059 pretium,
989 1993 1174 2046 cessit.
1361 2005 1366 2009 ⁴

420 2061 504 2115 14.
539 2063 844 2131 Imaginem
867 2061 1008 2115 adeo
1039 2061 1428 2115 similitudinis
1460 2062 1799 2118 indiscretae
1821 2066 1942 2133 pin·

347 2132 463 2194 xit,
500 2138 564 2183 ut
585 2130 932 2193 (incredibile
964 2129 1141 2194 dictu)
1162 2133 1338 2197 Apion
1362 2131 1773 2185 Grammaticus
1803 2138 1943 2185 scri-

351 2208 507 2267 ptum
527 2199 833 2269 reliquerit,
864 2200 1147 2266 ‚quendam
1171 2214 1241 2252 ex
1263 2198 1411 2251 facie
1431 2199 1711 2253 hominum
1736 2202 1950 2266 addivi-

349 2274 579 2321 nantem
611 2278 773 2335 (quos
801 2275 1229 2341 metoposcopos
1262 2268 1488 2333 vocant)
1534 2272 1617 2322 ex'
1632 2272 1704 2323 iis
1735 2271 1950 2323 dixisse

351 2343 452 2390 aut
473 2335 692 2388 futurae
712 2337 910 2393 mortis
931 2351 1122 2398 annos,
1148 2330 1619 2404 autpraeteritae.
1681 2340 1807 2392 Non
1834 2340 1951 2393 fue-

246 2396 258 2437 ·'‘
350 2410 444 2465 rat
477 2405 528 2457 ei
547 2404 734 2474 gratia
762 2407 819 2456 in
850 2406 1118 2457 comitatu
1136 2406 1431 2463 Alexandri
1469 2422 1589 2459 cum
1612 2407 1956 2471 Ptolemaeo,

355 2487 464 2543 quo
486 2478 773 2542 regnante,
794 2473 1192 2528 Alexandriam
1211 2475 1267 2525 vi
1290 2476 1637 2542 tempestatis
1661 2477 1956 2544 expulsus,

353 2542 657 2596 subornato
689 2542 883 2595 fraude
905 2543 1253 2597 aemulorum
1290 2543 1457 2611 plano
1480 2545 1638 2612 regio
1660 2545 1954 2612 invitatus,

354 2611 428 2663 ad
461 2613 611 2679 regis
636 2611 1066 2682 coenam-venit:
1089 2610 1876 2680 indignantiqud'Ptolemaeo,
1898 2623 1957 2668 et

354 2685 650 2733 vocatores
692 2693 827 2733 suos
860 2678 1207 2742 ostendenti,
1225 2729 1231 2735 ,
1249 2687 1314 2733 ut
1343 2681 1553 2747 ἀίσσει
1575 2698 1610 2735 a
1628 2698 1736 2751 quo
1760 2698 1955 2738 eorum
