2017 3034
246 163 391 241 1132
639 169 702 221 c.
759 165 1038 222 ΡωΝιι
1100 158 1480 219 saeuum

283 269 576 340 gestanda.
629 269 991 324 chelidoniae
1015 268 1253 321 duorum
1285 272 1415 318 sunt
1435 276 1737 333 generauit
1797 262 1892 316 hi·

282 341 575 392 rundinum
599 339 821 392 colore:
858 345 916 392 et
957 336 1139 391 altera
1181 343 1339 404 parte
1371 349 1689 403 purpureae
1711 334 1900 400 nigrit

282 410 769 477 interpellantibus
789 407 1042 461 maculis.
1117 406 1387 460 chelonia
1408 407 1605 456 oculus
1632 409 1716 456 est
1737 400 1890 454 ludi·
1911 410 1926 457 ξ

283 495 383 532 cae
423 479 740 542 testudinis,
776 478 868 529 vel
905 476 1388 544 portentosissima
1407 475 1703 543 Magorum
1739 478 1936 523 men-l

283 548 476 600 daciis.
547 542 892 599 Melle‘enim
915 547 1203 608 cellutam,
1246 552 1303 598 et
1324 546 1550 611 linguae
1572 541 1896 609 impositam
2013 550 2014 559 ¹

282 619 596 669 futurorum
618 617 910 668 scientiam
930 624 1221 682 praestare
1246 615 1580 680 promittunt
1599 629 1613 661 x
1674 610 1898 677 quinta-

284 688 506 739 decima
525 687 704 750 Luna,
728 693 787 737 et
802 686 1027 748 silente,
1050 692 1175 737 tota
1197 685 1314 735 die:
1361 685 1724 736 decrescentev
1737 692 1894 741 vero,

283 761 412 807 ante
436 753 586 806 Solis
614 762 801 806 ortum
823 772 836 805 ι
869 756 1072 806 ceteris
1095 755 1312 815 diebus,
1335 767 1369 805 a
1389 753 1570 819 prima
1591 752 1648 801 in
1671 755 1894 802 sextam

285 823 496 875 horam.
570 822 711 875 Sunt
734 830 789 875 et
812 821 1179 876 chelonitides
1201 822 1546 875 testudinum
1569 820 1800 879 similes,
1823 826 1915 869 ex‘

285 893 482 958 quibus
504 890 575 942 ad
597 899 962 958 tempestates
1001 892 1278 944 sedandas
1299 891 1476 943 multa
1497 890 1894 941 vaticinantur.

283 960 370 1012 Ea
392 975 524 1014 vero
550 996 567 1023 ,
609 976 748 1029 quae
768 965 842 1012 sit
863 963 1050 1013 aureis
1070 962 1245 1028 guttis
1263 996 1280 1022 ‚
1320 975 1445 1011 cum
1463 960 1771 1011 scarabaeo
1795 955 1902 1027 (ἱε-Ὗ

287 1036 475 1091 cocta,
518 1037 578 1082 et
600 1030 821 1082 deiecta
841 1032 896 1081 in
926 1046 1125 1097 aquam
1150 1031 1484 1093 ferventem,
1527 1033 1900 1093 tempestates

186 1145 201 1150 -
286 1099 516 1150 moveri.
590 1098 856 1152 chloritis
878 1097 1135 1153 herbacei
1156 1100 1363 1152 coloris
1385 1106 1493 1161 est,
1516 1113 1677 1165 quam
1700 1095 1914 1167 dicunt·

285 1167 444 1233 Magi
462 1167 701 1220 inveniri
721 1170 777 1219 in
803 1165 1118 1221 m‘otacillae
1141 1171 1259 1221 avis
1280 1174 1489 1228 ventre,
1537 1165 1894 1232 congenitam

286 1237 368 1287 ei:
396 1236 666 1304 fferroque
687 1238 902 1290 includi
925 1237 1137 1299 iubent,
1177 1238 1248 1289 ad
1273 1237 1541 1303 quaedam
1563 1234 1897 1301 prodigiosa

288 1308 458 1357 moris
481 1305 589 1357 sui.
662 1306 977 1375 choaspitis
1018 1322 1053 1358 a
1089 1307 1314 1358 flumine
1357 1306 1510 1357 dicta
1546 1310 1632 1356 est
1671 1300 1897 1363 viridis,

184 1376 195 1385 “
287 1372 527 1441 fulgoris
546 1375 720 1428 aurei.
772 1374 1214 1444 ,Chrysolampis
1235 1376 1293 1426 in
1310 1373 1614 1441 Aethiopia
1632 1371 1899 1434 nascitur,

293 1443 511 1507 pallida
531 1444 637 1507 die,
679 1451 734 1496 et
756 1444 811 1496 in
832 1453 995 1497 nocte
1017 1448 1195 1512 ignea.
1267 1444 1572 1512 chrysopis
1595 1454 1788 1493 aurum
1812 1439 1896 1490 vi·

289 1506 452 1561 det‘ur
473 1527 613 1563 esse.
685 1512 994 1578 ceponides
1016 1515 1076 1565 in
1096 1514 1345 1567 Aeolidis
1361 1515 1591 1575 Atarne,
1630 1526 1778 1561 nunc
1801 1525 1897 1576 pa·

278 1593 384 1647 go,
428 1580 701 1645 quondam
745 1582 967 1647 oppido,
1019 1589 1338 1648 nascuntur,
1375 1582 1568 1636 multis
1609 1581 1897 1634 coloribus

289 1647 708 1710 translucentes,
747 1651 886 1703 alias
908 1655 1140 1716 vitreae,
1164 1654 1303 1705 alias
1326 1653 1711 1719 crystallinae,
1753 1650 1898 1703 alias

288 1716 600 1781 iaspideae.
678 1716 786 1771 Sed
807 1725 864 1770 et
885 1722 1129 1773 sordidis
1148 1729 1336 1775 tantus
1358 1729 1445 1775 est
1468 1722 1635 1784 nitor,
1672 1727 1736 1771 ut
1754 1721 1896 1771 ima·

288 1785 448 1853 gines
472 1785 724 1848 reddant,
745 1803 846 1841 ceu
867 1792 1113 1856 specula.

360 1852 538 1905 Lvu.
580 1854 907 1922 ‘Daphniam
930 1860 1261 1929 Zoroastres
1281 1861 1492 1913 morbis
1517 1858 1902 1912 comitialibus

292 1921 656 1975 demonstrat.
745 1924 1061 1980 Diadochos
1103 1930 1323 1996 beryllo
1365 1930 1566 1981 similis
1605 1937 1706 1981 est.
1798 1928 1905 1979 m·

188 2020 193 2025 ·
288 1990 467 2058 phyes
488 1991 710 2058 duplex,
754 1996 993 2048 candida
1011 2013 1079 2050 ac
1101 2000 1280 2067 nigra,
1321 2014 1439 2050 mas
1462 2014 1529 2050 ac
1552 1999 1778 2060 femina,
1801 2012 1904 2064 ge·

286 2061 462 2141 nitale
485 2064 777 2128 utriusque
817 2071 983 2116 sexu!
1025 2069 1399 2135 distinguente
1437 2068 1605 2119 linea.
1676 2066 1902 2134 Diony-

289 2144 404 2182 sias
444 2132 606 2198 nigra
643 2146 710 2182 ac
734 2132 872 2183 dura
911 2134 1106 2187 mixtis
1151 2138 1478 2189 rubentibus
1521 2137 1779 2188 maculis:
1825 2149 1904 2193 ex

291 2212 440 2264 aqua
458 2202 600 2252 trita
620 2213 877 2266 saporem
902 2203 1010 2254 vini
1045 2204 1183 2257 facit
1203 2242 1219 2268 ,
1262 2212 1321 2258 et
1340 2207 1605 2258 ebrietati
1628 2207 1903 2257 resistere

289 2273 538 2333 putatur.
611 2269 967 2335 Draconites,
1009 2273 1131 2325 sive
1168 2274 1482 2335 dracontia,
1525 2292 1555 2328 e
1579 2276 1811 2327 cerebro
1833 2274 1903 2324 fit

193 2403 202 2421 Ι
294 2335 595 2416 draconum
621 2356 637 2388 z
688 2340 786 2391 sed
828 2341 933 2392 nisi
975 2344 1285 2394 viventibus
1324 2344 1573 2395 abscisso
1617 2356 1904 2412 nunquam

289 2410 637 2483 gemmescit,
657 2405 873 2459 invidia
895 2410 1155 2462 animalis
1178 2414 1316 2462 mori
1341 2428 1401 2464 se
1421 2413 1736 2464 sentientis.
1787 2411 1901 2478 lgi-

290 2477 383 2520 tur
405 2470 805 2523 dormientibus
825 2484 1135 2542 amputant.
1184 2478 1438 2541 Sotacus,
1459 2483 1554 2549 qui
1575 2484 1754 2533 visam
1775 2472 1902 2533 eam

294 2552 565 2603 gemmam
592 2540 700 2601 sibi
718 2545 868 2607 apud
891 2560 1080 2612 regem
1108 2550 1336 2614 scripsit
1354 2562 1394 2612 ,·-
1411 2551 1562 2618 bigis
1583 2551 1713 2603 vehi
1733 2564 1904 2618 quae-

294 2610 712 2660 rentes-tradit:
756 2616 829 2663 et*
853 2616 973 2665 riso
992 2614 1564 2686 ‘'dracoue*spargere
1604 2620 1904 2672 somnifica

239 2720 247 2725 .
294 2675 694 2731 medicamenta
715 2713 732 2742 ‚
770 2686 939 2747 atque
982 2684 1068 2736 ita
1109 2686 1451 2755 praecidere.
1521 2690 1664 2742 Esse
1709 2697 1901 2743 autem
