2017 3034
166 144 262 201 NA
271 147 341 196 T.
378 144 574 198 nis'r.
597 142 734 201 Lm.
756 148 986 206 xxxv.
1009 151 1187 209 57-59.
1218 112 1474 214 xxkvi.
1495 159 1548 216 1.
1619 165 1695 220 49

97 247 300 300 ducere
325 249 397 300 ad
421 250 691 304 victoriae
716 258 921 318 notam,
944 256 1223 325 pedesque
1245 263 1518 323 venalium
1540 263 1696 320 trans

95 332 248 369 mare
276 316 655 371 ‚advectorum
707 322 974 378 denotare
1026 327 1393 383 instituerunt
1439 339 1696 401 maiores·

94 388 400 453 'l'alemque
420 387 678 440 Publium
721 392 974 446 mimicae
1008 411 1210 448 scenae
1236 401 1599 466 conditorem,
1641 412 1700 457 et

97 456 443 522 astrologiae
468 460 860 512 consobrinum
888 466 1005 514 eius
1029 466 1329 518 Manilium
1345 471 1697 537 Antiochum,

95 525 224 576 item
250 525 665 581 Grammaticae
687 529 999 583 Staberium
1022 532 1281 598 Erotem,
1344 541 1535 591 eadem
1563 558 1698 596 nave

97 594 362 645 advectos
385 595 579 666 yidere
599 594 814 664 proavi.
889 601 997 653 Sed
1020 605 1149 669 quid
1169 602 1271 656 hos
1294 606 1486 659 refero
1511 609 1698 676 aliquo

96 662 390 714 literarum
413 662 628 719 honore
647 665 1106 723 commendatos?
1178 675 1372 739 Talem
1398 678 1453 726 in
1481 686 1700 731 catasta

92 732 282 785 videre
306 732 733 802 Chrysogonum
760 738 971 802 Sullae,
1014 741 1379 808 Amphionem
1407 747 1471 807 Q.
1496 748 1700 812 Catuli,

96 801 383 867 Hero-nem
409 805 471 854 L.
498 806 753 870 Luculli,
782 806 1130 860 Demetrium
1170 812 1437 879 Pompeii,
1479 816 1697 882 Augen·

95 885 197 936 que
241 870 547 935 Demetrii,
592 889 898 942 quanquam
946 887 1003 928 et
1045 880 1168 944 ipsa
1187 881 1443 948 Pompeii
1484 885 1702 937 credita

94 946 176 990 est
211 958 223 989 ε
261 941 752 1005 Hipparchum-M.
776 947 1021 1008 Antonii,
1072 948 1295 1000 Menam
1328 957 1384 1002 et
1406 945 1722 1004 Menecra-‘
1813 929 1822 937 κ

89 1015 200 1059 tem
228 1008 362 1060 Sex,
388 1010 655 1077 Pompeii,
681 1013 932 1080 aliosque
953 1015 1229 1084 deinceps,
1254 1034 1391 1084 quos
1414 1037 1699 1085 enumera·

88 1091 148 1128 re
168 1073 281 1128 ἰείη
310 1092 420 1128 non
447 1088 548 1142 est,
571 1097 601 1132 e
634 1083 902 1150 sanguine
925 1085 1229 1145 Quiritium
1256 1097 1311 1139 et
1335 1093 1695 1157 proscriptio-

88 1160 218 1195 num
244 1146 482 1200 licentia
505 1149 736 1201 ditatos.
773 1153 901 1204 Hoc
918 1160 1005 1204 est
1026 1154 1244 1221 insigne
1266 1159 1553 1210 venalitiis
1576 1175 1698 1227 gre-

86 1214 291 1282 gibus,
329 1219 800 1286 opprobriumque
822 1222 1117 1274 insolentis
1144 1225 1429 1278 fortunae:
1470 1229 1622 1293 quod>
1639 1234 1697 1279 et

89 1299 191 1335 nos
213 1284 359 1335 adeo
382 1289 554 1351 potiri
578 1304 758 1340 rerum
784 1290 1041 1355 vidimus,
1079 1299 1144 1343 ut
1170 1296 1447 1358 praetoria
1480 1309 1698 1360 quoque

88 1362 422 1406 ornamenta
443 1357 659 1408 decerni
684 1374 718 1408 a
739 1359 942 1410 Senatu
968 1361 1193 1411 iubente
1216 1362 1517 1428 Agrippina
1540 1364 1698 1415 Clau·

88 1421 171 1473 dii
192 1424 452 1475 Caesaris
474 1425 774 1477 viderimus
799 1428 1045 1478 libertis:
1094 1435 1418 1498 tantumque
1439 1446 1548 1482 non
1573 1432 1694 1482 cum

85 1491 362 1544 laureatis
385 1488 629 1546 fascibus
649 1497 864 1548 remitti
884 1497 1004 1562 illo,
1042 1498 1188 1554 unde
1209 1501 1439 1552 cretatis
1461 1501 1696 1567 pedibus

87 1561 472 1614 advenissent.
494 1575 502 1582 ·

152 1628 306 1683 le.
342 1632 647 1686 Praeterea
687 1642 816 1686 sunt
855 1650 1059 1702 genera
1100 1645 1282 1690 terrae
1326 1639 1691 1706 proprietatis

89 1710 244 1761 suae,
287 1699 357 1751 de
381 1703 578 1771 quibus
612 1704 719 1754 iam
756 1706 1020 1756 diximus:
1060 1708 1158 1758 sed
1198 1714 1256 1759 et
1286 1707 1538 1760 hocloco
1563 1709 1689 1759 red·

89 1766 272 1820 denda
296 1778 513 1821 natura.
590 1774 671 1822 Ex
692 1773 896 1824 Galata
919 1775 1101 1826 insula
1116 1811 1132 1837 ,
1174 1783 1231 1827 et
1253 1777 1406 1828 circa
1427 1779 1688 1843 Clupeam

92 1835 317 1958 *frit-alte
356 1841 681 1906 scorpiones
721 1850 914 1894 necat:
989 1844 1243 1896 Balearis
1285 1852 1343 1898 et
1382 1846 1692 1898 Ebusitana

88 1918 286 1973 serpen
319 1924 398 1960 es.

307 2081 387 2171 c.
489 2101 862 2178 PLINII
962 2104 1476 2181 SECUNDI

94 2209 1686 2324 NATURALIsHlsToR·1AE

112 2368 189 2415 w
474 2374 833 2464 mann
917 2374 1307 2471 xxxv1.

89 2598 131 2651 1.
167 2563 283 2652 LA
298 2616 330 2652 r
346 2616 365 2652 ι
384 2615 422 2651 n
438 2615 474 2652 n
490 2617 528 2653 n
551 2605 752 2652 natura
771 2603 968 2658 restat,
997 2596 1117 2649 ‘hoc
1139 2606 1240 2662 est,
1259 2601 1554 2666 praecipua
1577 2615 1692 2648 mo-

91 2682 211 2721 rum
241 2670 484 2731 insania,
536 2670 703 2721 etiam
730 2673 796 2718 ut
815 2680 1067 2735 gemmae
1086 2682 1207 2718 cum
1236 2670 1491 2728 succinis,
1532 2673 1695 2732 atque
1783 2669 1789 2677 '
1843 2698 1848 2711 ‚

158 2738 354 2791 Pan«.
394 2742 556 2791 Toni.
594 2726 717 2807 v‚“
1230 2735 1283 2784 D
