2017 3034
324 130 427 189 104
676 130 764 185 -c.
821 125 1101 193 PmNn
1164 85 1542 180 saeuum

306 238 382 286 ‘in
402 232 637 299 Liguria
669 231 839 284 effodi
871 231 1028 282 dixit.
1101 228 1307 282 Chares
1336 220 1470 280 vero
1513 224 1924 283 Phaethontem

324 306 382 354 in
427 301 722 366 Aethiopia
762 298 1094 358 Hammonis
1133 299 1365 350 obiisse:
1409 298 1481 348 ob
1525 297 1582 349 id
1626 298 1922 357 delubrum
2003 362 2004 367 Ἰ

323 372 403 422 ibi
425 384 545 422 esse
566 376 733 436 atque
758 369 1065 430 oraculum,
1099 369 1473 432 electrumque
1496 367 1666 434 gigni.
1736 367 1927 420 Phile·
2001 400 2004 427 .=

262 434 275 455 ²
325 454 455 491 mon
488 438 681 491 fossile
714 453 836 489 esse
858 472 873 498 ‚
912 444 971 487 et
1005 438 1062 487 in
1091 433 1321 503 Scythia
1354 436 1476 487 erui
1506 436 1720 487 duob‘us
1744 436 1923 491 locis:
2001 464 2004 497 ÷

266 544 276 573 z
327 508 617 575 candidum
643 514 810 571 atque
847 506 996 556 cerei
1033 504 1239 556 coloris
1261 538 1278 566 ,
1320 503 1468 571 quod
1490 512 1786 555 vocaretur
1807 505 1926 557 ele-
2001 504 2004 563 ἶ

264 602 271 608 ·
327 584 535 629 etrum:
571 578 628 627 in
649 576 761 627 alio
781 575 906 629 loco
930 574 1136 624 fulvum
1162 607 1179 635 ‚
1220 572 1366 640 quod
1391 573 1774 640 appellaretur
1795 573 1925 625 sub·

329 644 678 697 alternicum.
787 644 1177 694 Demostratus
1214 642 1509 708 lyncurion
1541 638 1821 704 id‘vocat‚
1866 649 1926 695 et
1991 680 1998 687 -

329 715 454 766 fieri
481 728 548 764 ex
571 715 735 767 urina
754 711 979 780 lyncum
1012 711 1315 761 bestiarum
1336 746 1352 773 ,
1391 727 1423 762 e
1446 711 1690 763 maribus
1714 712 1929 762 fulvum

333 789 392 837 et
433 783 669 849 igneum,
712 797 742 834 e
782 781 1001 831 feminis
1041 779 1363 847 languidius
1404 786 1571 846 atque
1613 781 1928 847 candidugn.
2003 792 2004 817 l

321 852 439 903 -Alii
463 851 652 903 dixere
677 850 1019 914 langurium,
1062 854 1119 899 et
1141 864 1263 901 esse
1285 849 1340 898 in
1367 849 1530 900 ltalia
1568 848 1781 901 bestias
1804 848 1931 900 lan-

332 921 541 985 gurias.
612 917 961 971 Zenothemis
983 917 1179 983 langas
1208 923 1371 968 vocat
1400 917 1652 979 easdem,
1696 923 1755 969 et
1777 918 1929 969 circa
2003 930 2004 955 ³

329 989 541 1040 Padum
574 989 645 1040 iis
678 988 848 1037 vitam
890 989 1178 1053 assignat..
1237 985 1470 1039 Sudines
1503 987 1760 1037 arborem
1788 1000 1929 1053 qnae

331 1058 527 1129 gignat
551 1055 606 1105 in
632 1054 881 1121 Liguria.
954 1056 1014 1105 ln
1038 1053 1227 1105 eadem
1260 1055 1539 1107 sententia
1559 1062 1616 1106 et
1635 1053 1929 1107 Metrodo·
2003 1056 2004 1063 ’

258 1148 263 1155 ⁴
330 1138 425 1176 rus
447 1124 566 1175 fuit.
639 1123 874 1176 Sotacus
897 1122 1136 1187 credidit
1156 1123 1212 1174 in
1233 1122 1526 1175 Britannia
1542 1123 1718 1191 petris
1744 1123 1938 1176 efflue?

330 1209 414 1253 re,
457 1194 591 1259 quas
615 1192 910 1245 electridas
934 1198 1112 1243 vocat.
1148 1189 1396 1259 Pytheas
1417 1192 1926 1314 QG&-

332 1266 550 1316 maniae
586 1266 740 1330 genti
783 1263 958 1313 accoli
1001 1261 1340 1313 aestuarium
1365 1262 1590 1324 Oceani,
1693 1268 1929 1333 entono·

329 1350 457 1385 mon
484 1334 721 1394 nomine,
759 1331 941 1397 spatio
965 1330 1270 1381 stadiorum
1293 1346 1391 1383 sex
1414 1332 1681 1383 millium:
1728 1333 1801 1383 ab
1822 1329 1927 1382 hoc

222 1402 234 1413 ‘
270 1420 285 1443 v
333 1402 442 1453 diei
467 1400 819 1469 navigatione
842 1400 1079 1450 insulam
1102 1400 1298 1452 abesse
1319 1400 1580 1453 Abalumt
1640 1400 1778 1452 illuc
1796 1414 1927 1452 vere

329 1469 588 1522 fluctibus
611 1468 828 1531 advehi,
872 1476 928 1520 et
960 1483 1083 1520 esse
1106 1470 1352 1521 concreti
1383 1471 1567 1529 maris'
1586 1483 1926 1536 purgamen·

272 1592 281 1597 ,
329 1546 474 1590 tum:
511 1538 721 1589 incolas
741 1552 841 1602 pro
864 1537 1017 1604 ligno
1042 1538 1112 1588 ad
1138 1540 1317 1604 ignem
1333 1537 1417 1590 uti
1438 1554 1522 1601 eo,
1547 1539 1928 1605 proximisque

333 1608 604 1659 Teutonis
638 1605 894 1657 vendere.
964 1606 1114 1658 Huic
1145 1616 1202 1658 et
1223 1608 1488 1660 Timaeus
1509 1607 1749 1668 credidit
1769 1641 1787 1668 ,
1831 1605 1930 1658 sed

331 1668 571 1727 insulam
604 1673 871 1727 Basiliam
904 1670 1142 1726 v'ocavit.
1215 1672 1501 1727 Philemon
1537 1677 1619 1727 ait
1646 1675 1928 1740 flammam
2001 1728 2002 1735 ,

329 1745 401 1796 ab
422 1743 630 1795 electro
649 1732 822 1795 reddi.
903 1743 1092 1795 Nicias
1113 1742 1262 1795 Solis
1287 1743 1565 1796 radiorum
1589 1759 1822 1795 succum
1846 1745 1928 1796 iu·
2001 1758 2002 1761 ’

327 1813 512 1880 telligi
532 1813 721 1863 voluit.
792 1811 916 1862 Hos
948 1812 1095 1867 circa
1127 1826 1387 1864 occasum
1418 1813 1599 1865 credit
1629 1810 1924 1866 vehemen·
2001 1820 2002 1851 ἐ

327 1882 500 1932 tio‘res
521 1884 577 1932 in
600 1887 808 1932 terram
831 1886 1005 1942 actos,
1033 1882 1289 1948 pinguem
1314 1881 1573 1934 sudorem
1596 1883 1653 1932 in
1676 1898 1748 1934 ea
1768 1887 1928 1948 parte

331 1952 536 2003 Oceani
563 1950 875 2019 relinquere
895 1984 912 2012 ‚
956 1942 1160 2002 deinde
1191 1950 1498 2002 aestatibus
1531 1950 1591 2001 in
1617 1950 1928 2003 Germano·

330 2034 449 2071 rum
474 2020 644 2071 litora
667 2021 813 2072 eiici.
885 2022 958 2071 Et
985 2019 1044 2068 in
1063 2021 1318 2086 Aegypto
1348 2021 1502 2072 nasci
1524 2020 1700 2073 simili
1738 2019 1928 2081 modo,

331 2095 390 2140 et
411 2090 595 2140 vocari
619 2088 801 2141 Sacal:
839 2090 971 2140 item
994 2088 1052 2137 in
1074 2088 1250 2150 India,
1272 2090 1595 2156 gratiusque
1618 2088 1782 2142 thure
1804 2102 1930 2143 esse

329 2157 500 2208 Indis.
592 2157 658 2208 ln
681 2157 848 2225 Syria
869 2172 1085 2224 quoque
1106 2157 1340 2209 feminas
1363 2158 1675 2210 verticillos
1696 2158 1828 2211 inde
1853 2156 1931 2209 fa-

212 2282 233 2286 „
332 2239 485 2276 cere:
543 2231 599 2276 et
617 2241 818 2278 vocare
842 2226 1087 2293 harpaga
1107 2260 1124 2288 ,
1166 2227 1295 2292 quia
1317 2225 1458 2278 folia
1478 2233 1533 2278 et
1553 2227 1746 2294 paleas
1766 2226 1934 2279 resti-

331 2307 533 2358 umque
571 2294 819 2345 fimbrias
865 2294 1069 2361 rapiat*
1150 2291 1567 2347 Theochrcstus
1609 2297 1836 2350 Oceano
1874 2292 1934 2347 id

306 2367 694 2423 ‚exaestuante
715 2363 785 2414 ad
811 2360 1084 2429 Pyrenaei
1106 2363 1492 2428 promontoria·
1505 2363 1656 2416 eiici=
1702 2364 1853 2432 quod
1876 2365 1934 2415 et

245 2490 251 2499 ¹
329 2430 678 2480 Xenocrates
710 2430 977 2493 credidit,
1018 2432 1113 2497 qui
1146 2433 1215 2483 de
1242 2433 1319 2483 iis
1349 2434 1666 2499 nuperrime
1690 2434 1934 2500 scripsit.

330 2495 690 2548 Vivit'adhuc
710 2498 1000 2560 Asarubas‚
1040 2500 1133 2565 qui
1158 2500 1389 2552 tradidit
1410 2508 1568 2553 iuxta
1588 2502 1935 2557 Atlanticum

336 2580 490 2616 mare
532 2579 654 2616 esse
692 2565 872 2615 lacum
914 2565 1262 2630 Cephisiada,
1301 2583 1462 2634 quem
1503 2569 1692 2622 Mauri
1731 2574 1936 2624 vocant
1999 2570 2000 2577 ’

339 2634 641 2690 Electrum.
731 2633 895 2689 Hunc
915 2634 1044 2686 Sole
1069 2637 1439 2717 excalfactum
1460 2639 1648 2692 elimo
1672 2638 1816 2711 dare
1830 2637 1936 2693 elo-
1999 2684 2000 2705 ,
