2017 3034
193 130 217 159 '
261 152 573 261 NATPR·
621 155 847 210 ms‘r.
906 112 1584 214 LiB.‘xxxvi.5c-co.
1673 156 1746 213 91

140 261 232 309 tur
252 273 466 322 recens,
500 277 603 313 nec
625 266 855 327 aspersa
875 264 1067 329 aquis:
1104 264 1234 325 urit,
1274 264 1520 326 discutit,
1561 269 1740 318 extra·
1837 320 1841 324 ,

139 325 237 390 hit,
273 329 713 397 incipientesque
751 347 973 398 serpere
1015 330 1299 383 hulcerum
1338 334 1572 400 impetus
1596 349 1748 387 coer-

139 402 244 448 cet.
318 399 491 450 Aceto
516 406 572 451 et
601 415 834 453 rosaceo
879 408 1195 468 temperata
1226 403 1479 468 perducit
1512 403 1581 453 ad
1607 405 1751 455 cica-

142 465 362 518 tricem.
434 467 675 521 Luxatis
699 485 917 537 quoque
942 487 1062 521 cum
1089 471 1250 538 adipe
1271 473 1456 534 suillo,
1478 477 1575 522 aut
1597 473 1758 537 liqui·

146 533 221 586 da
249 536 439 589 resina
477 553 547 589 ex
584 539 753 591 melle
789 541 1073 594 medetur:
1119 541 1313 594 eadem
1346 540 1756 607 compositione

146 610 207 655 et
227 608 484 658 strumis..
594 628 599 633 ·
656 612 662 619 ‘

104 668 118 681 ⁴
216 672 420 727 LV111.
453 675 677 728 Maltha
696 693 727 729 e
749 678 903 730 calce
924 680 988 730 fit
1008 681 1239 735 recenti.
1314 679 1492 732 Gleba
1512 677 1643 729 vino
1666 689 1756 730 ref·
1774 670 1786 679 ’

144 742 481 810 stinguitur:
525 760 656 797 mox
689 747 947 800 tunditur
985 765 1108 800 cum
1148 750 1310 814 adipe
1347 749 1516 801 suillo
1542 754 1599 800 et
1635 749 1761 811 ficu,

149 811 363 880 duplici
402 814 738 867 linamento:
781 830 1065 885 quaeres
1101 819 1344 869 omnium
1386 818 1761 880 tenacissima,

149 888 205 932 et
241 881 511 935 duritiam
554 884 758 951 lapidis
799 888 1154 939 antecedens,
1230 887 1392 950 Quod
1432 886 1761 950 malthatur,

149 949 278 1002 oleo=
300 951 643 1017 perfricatur
664 961 809 1007 ante.
1165 988 1182 1003 κ

214 1019 367 1072 le.
404 1022 661 1089 Cognata
699 1025 839 1076 calci
871 1039 962 1077 res
992 1040 1232 1093 gypsum
1277 1031 1380 1077 est.
1452 1023 1621 1075 Plura
1643 1023 1764 1075 eius

148 1090 374 1158 genera.
408 1091 592 1143 .·Nam
635 1100 693 1143 et
717 1109 746 1144 e
780 1094 969 1160 lapide
1007 1096 1283 1161 coquitur,
1329 1101 1389 1144 ut
1413 1095 1468 1144 in
1506 1094 1673 1161 Syria
1696 1107 1763 1147 ac

150 1158 410 1227 Thuriis:
456 1167 514 1212 et
535 1177 565 1213 e
585 1168 737 1214 terra
760 1162 997 1225 foditur,
1016 1173 1079 1215 ut
1103 1168 1155 1214 in
1180 1166 1385 1231 Cypr0,
1410 1178 1475 1214 ac
1499 1160 1766 1214 Perrhae-

148 1229 263 1280 bis:
304 1245 336 1281 e
359 1245 578 1282 summa
600 1231 822 1284 tellure·
840 1234 899 1285 et
921 1231 1331 1300 Tymphaicum
1365 1238 1466 1283 est.
1539 1232 1646 1292 Qui
1674 1245 1765 1281 co-

146 1299 343 1368 quitur
361 1300 526 1366 lapis,
578 1316 686 1353 non
716 1301 1006 1353 dissimilis
1040 1301 1405 1352 alabastritae
1430 1315 1553 1353 esse
1580 1299 1764 1361 debet,

147 1375 246 1420 aut
264 1384 638 1421 marmoroso.
711 1372 774 1421 In
800 1371 969 1438 Syria
999 1371 1328 1421 durissimos
1353 1369 1423 1420 ad
1447 1368 1505 1419 id
1528 1368 1762 1436 eligunt,

148 1444 508 1506 coquuntque
528 1439 659 1490 fimo
681 1439 913 1504 bubulo,
935 1448 999 1493 ut
1020 1441 1261 1493 celerius
1285 1442 1535 1491 urantur.
1577 1436 1767 1488 Omni·

145 1521 237 1557 um
262 1513 453 1559 autem
479 1511 748 1574 optimum
774 1513 897 1562 fieri
916 1516 1264 1577 compertum
1287 1515 1370 1560 est
1386 1524 1415 1560 e
1438 1506 1623 1574 lapide
1643 1520 1766 1572 spe-

146 1577 328 1628 culari
353 1614 370 1641 ,
411 1586 773 1654 squamamve
791 1581 960 1633 talem
987 1579 1245 1633 habente.
1320 1578 1512 1645 Gypso
1534 1575 1764 1651 mat-lide

141 1647 338 1697 statim
360 1647 629 1701 utendum
655 1655 741 1700 est
762 1685 778 1712 ,
810 1646 1077 1716 ‘quoniam
1110 1649 1401 1701 celerrime
1442 1647 1558 1698 coit
1580 1662 1646 1697 ac
1663 1644 1768 1695 sio·-

147 1721 338 1782 catur:
382 1722 572 1768 tamen
595 1733 788 1769 rursus
817 1720 979 1771 tundi
1011 1726 1070 1772 et
1101 1719 1157 1769 in
1184 1719 1421 1769 farinam
1442 1714 1769 1780 resolvi-pa-

144 1786 303 1836 titur.
377 1787 522 1836 Usus
553 1788 721 1853 gypsi
756 1790 813 1838 in
853 1788 1106 1850 albariis,
1149 1788 1354 1852 sigillis
1387 1785 1768 1853 aedificiorum

145 1861 206 1908 et
229 1856 457 1906 coronis
482 1857 851 1922 gratissimus.
922 1858 1249 1923 Exemplum
1277 1855 1515 1916 illustre,
1554 1855 1613 1904 C.
1636 1852 1769 1903 Pro-

146 1924 415 1986 culeium,
452 1926 690 1990 Augusti
720 1928 974 1978 Caesaris
1017 1926 1409 1978 familiaritate
1449 1921 1767 1983 subnixum,

145 1994 204 2045 in
225 1994 483 2044 maximo
506 1995 780 2047 stomachi
803 1997 998 2048 dolore
1029 2009 1210 2063 gypso
1234 2000 1389 2061 poto,
1433 1989 1768 2043 conscivisse

149 2064 257 2115 sibi
284 2069 544 2114 mortem.
1565 2065 1571 2070 “

217 2131 343 2184 Lx.
404 2133 731 2184 Pavimenta
772 2134 1045 2200 originem
1087 2130 1231 2199 apud
1274 2130 1520 2182 Graecos
1559 2126 1770 2187 habent

86 2240 133 2263 ⁴.
148 2200 451 2256 elaborata
470 2207 593 2253 arte
610 2238 627 2264 ,
669 2203 924 2269 picturae
943 2203 1165 2253 ratione
1179 2237 1195 2262 ‚
1240 2201 1416 2251 donec
1439 2197 1771 2249 lithostrota

150 2271 419 2339 expulere
441 2285 585 2321 eam.
681 2268 1089 2324 celeberrimus
1109 2270 1219 2321 fuit
1240 2271 1297 2319 in
1320 2268 1425 2320 hoc
1444 2283 1647 2336 genere
1671 2266 1770 2323 So-

148 2352 266 2405 sus,
308 2342 407 2408 qui
425 2337 685 2406 Pergami
726 2341 931 2394 stravit
959 2357 1121 2407 quem
1155 2344 1361 2391 vocant
1397 2344 1659 2389 asaroton
1682 2351 1774 2387 oe·
1810 2356 1826 2366 ν

146 2423 256 2462 eon
282 2442 300 2472 ‚
359 2411 619 2476 quoniam
661 2417 1033 2477 purgamenta
1076 2424 1283 2462 coenae
1326 2408 1384 2457 in
1430 2406 1772 2473 pavimento,

148 2491 410 2546 quaeque
432 2478 618 2529 everri
638 2479 842 2541 solent,
879 2480 1056 2531 veluti
1076 2480 1274 2531 relicta
1292 2513 1309 2538 ,
1349 2476 1563 2529 fecerat
1582 2472 1771 2540 parvis

148 2554 185 2605 e
207 2548 434 2600 testulis
456 2548 758 2614 tinctisque
779 2550 838 2598 in
862 2551 1049 2600 varios
1078 2548 1314 2599 colores.
1388 2542 1667 2595 Mirabilis
1687 2538 1772 2590 ibi

148 2617 415 2669 columba
433 2616 635 2669 bibens
654 2652 671 2678 ,
713 2626 771 2669 et
795 2632 995 2684 aquam
1017 2616 1216 2667 umbra
1237 2614 1440 2679 capitis
1463 2610 1767 2662 infuscans.

147 2687 494 2754 Api-icantur
518 2686 665 2739 aliae
687 2688 979 2739 scabentes
1001 2700 1126 2739 sese
1146 2687 1207 2737 in
1229 2680 1479 2735 canthari
1497 2677 1675 2735 labro.
