2017 3034
238 1026 245 1031 ’
326 1040 561 1078 .morsus
580 1024 831 1077 remedio
853 1040 973 1077 esse
986 1058 1004 1086 ,
1044 1026 1199 1076 nasci
1218 1032 1402 1076 autem
1426 1025 1483 1075 in
1503 1024 1735 1079 Perside
1751 1024 1915 1077 tradit.

339 165 441 220 128
500 167 512 180 '
719 165 779 220 C.
848 160 1131 221 PL1N11
1200 162 1580 218 SECUNDI

339 268 668 333 eiaculatur,
702 267 937 322 subinde
956 274 1192 331 mutans,
1211 281 1520 335 magnaque
1542 270 1809 321 varietate
1824 267 1900 320 ad·
1931 326 1940 337 Ι

339 339 694 391 mirationem
717 340 804 389 sui
822 353 1053 406 augens.
1124 336 1499 405 sexangulam
1529 352 1656 391 esse
1673 373 1689 400 ‚
1726 343 1787 388 ut
1807 352 1903 403 cry·

340 407 585 470 stallum,
605 413 844 460 constat.
916 405 1026 459 Sed
1048 421 1168 459 esse
1184 405 1397 473 aliquas
1418 407 1628 458 scabris
1650 407 1906 468 latei-ibes,

344 484 402 539 et
422 477 638 543 angulis
659 475 1042 543 inaequalibus
1062 475 1276 537 dicunt,·
1299 476 1357 526 in
1380 473 1512 526 Sole
1533 481 1728 543 aperto
1752 474 1904 541 proie-

343 554 478 608 ctas,
519 545 707 597 radios
727 545 788 596 in
822 559 883 598 se
914 545 1179 597 cadentes
1208 545 1516 602 discutere:
1566 544 1781 611 aliquas
1801 554 1907 594 vem

343 619 474 667 ante
494 628 554 666 se
576 614 825 680 proiecto
847 613 1032 666 nitore
1064 613 1380 666 adiacentia
1402 613 1708 665 illustrare.
1776 610 1907 662 Colo-

341 697 433 736 res
455 697 585 745 xero
611 696 723 733 non
745 682 855 735 nisi
871 696 942 735 ex
963 696 1142 749 opaco
1163 682 1421 746 reddunt,
1460 696 1563 733 nec
1584 687 1649 732 ut
1668 684 1815 747 ipsae
1833 678 1906 730 ha-

339 753 534 813 beant,
575 750 676 803 sed
697 755 762 801 ut
778 765 1109 816 repercussu
1131 751 1409 814 parietum
1433 750 1665 803 elidant:
1712 748 1911 816 optim&

342 835 464 887 que,
487 834 628 886 quae
648 818 920 870 maximos
942 832 1107 869 arcus
1130 817 1286 879 facit,
1325 818 1744 886 simillimosque
1767 817 1910 871 caele·

343 889 543 940 stibus.
615 887 719 938 Est
740 891 798 939 et
821 888 933 938 alia
951 888 1069 948 iris,
1092 892 1281 938 cetero
1304 886 1520 950 similis3
1550 893 1611 939 at
1633 886 1910 954 praedura:

345 971 511 1025 quam
553 956 742 1007 Herus
765 960 1073 1007 crematam
1112 961 1400 1022 tusamque
1420 956 1491 1013 ad
1524 955 1936 1009 ichneumonum.

322 1157 328 1163 ι
414 1095 561 1146 13111.
596 1093 811 1146 Similis
832 1099 918 1144 est
948 1099 1179 1159 aspectu
1201 1127 1217 1155 ,
1257 1094 1355 1145 sed
1390 1109 1498 1145 non
1533 1094 1782 1147 eiusdem
1804 1092 1914 1145 effe·

345 1169 468 1214 ctus
489 1197 505 1224 ‚
547 1177 690 1229 quae
713 1166 947 1214 vocatur
970 1175 1131 1214 zeros
1151 1198 1168 1224 ‚
1206 1161 1338 1221 alba
1353 1163 1624 1232 nigraque
1646 1163 1853 1216 macula
1869 1162 1917 1214 ie

343 1238 725 1285 transversum
746 1231 1128 1298 distinguente
1153 1231 1512 1298 crystallum.
1929 1270 1940 1281 .

415 1300 561 1354 LIV.
599 1300 886 1368 Expositis
919 1314 1020 1367 per
1048 1315 1255 1369 genera
1274 1300 1525 1353 colorum
1557 1301 1917 1368 principalium
1933 1322 1946 1363 ·¹

344 1370 597 1439 gemmis,
620 1371 868 1437 reliquas
888 1368 1178 1422 literarum
1190 1368 1399 1422 ”ordine
1422 1370 1831 1437 explicabimus.

326 1482 335 1489 .
414 1437 655 1491 Achates
675 1438 735 1490 in
756 1452 960 1506 magna
980 1438 1090 1490 fuit
1112 1438 1478 1503 auctoritate,
1520 1454 1669 1491 nunc
1690 1441 1749 1491 in
1770 1437 1938 1497 uuila..

344 1506 592 1574 Reperta
612 1509 849 1575 primum
882 1507 940 1558 in
962 1505 1157 1559 Sicilia
1175 1508 1337 1560 iuxta
1351 1506 1556 1560 flumen
1579 1508 1818 1560 eiusdem
1838 1522 1921 1560 no·

344 1575 534 1637 ininis,
574 1580 774 1641 postea
793 1575 1049 1643 plurimis
1071 1574 1231 1640 locis,
1263 1575 1536 1630 excedetis
1561 1576 1946 1644 amplitudine

344 1644 714 1696 varietatibus
755 1658 1069 1697 numerosa.
1113 1645 1322 1699 ·Multa
1349 1652 1414 1699 et
1443 1647 1770 1714 cognomina
1807 1646 1927 1698 eius.

343 1715 597 1767 Vocatur
615 1711 763 1765 enim
783 1712 1154 1779 iaspachates‚
1189 1714 1527 1779 cerachates,
1569 1708 1928 1777 sardaehates,

346 1780 760 1845 haemachates,
801 1782 1175 1847 leucachntes‚
1214 1784 1641 1848 dendrachates,
1680 1784 1831 1839 velut
1858 1799 1931 1836 ar·

346 1850 584 1904 buscula
600 1851 859 1919 insignis:
900 1850 1246 1915 nutachates,
1286 1868 1408 1907 cum
1427 1854 1627 1918 uritur,
1664 1852 1930 1923 myrrham

344 1917 633 1972 redolens:
693 1920 1337 1990 coralloachatesguttis
1358 1924 1544 1976 aureis
1567 1922 1816 1992 sapphiri
1831 1934 1932 1979 mo·

345 1989 418 2041 do
441 2002 653 2057 sparsa,
686 1989 869 2057 qualis
911 1991 1303 2058 copiosissima
1341 1992 1400 2044 in
1436 1992 1618 2058 Creta,
1656 2008 1819 2055 saera
1853 2005 1935 2060 ap·

262 2102 267 2109 .
342 2058 571 2127 pellata.
643 2057 852 2113 Putant
871 2074 998 2112 eam
1033 2064 1231 2112 contra
1268 2074 1604 2118 araneorum
1624 2068 1684 2114 et
1703 2063 1936 2130 scorpio·

344 2143 474 2180 num
506 2129 651 2181 ictus
682 2128 966 2195 prodesse.
1040 2128 1199 2192 Quod
1231 2129 1292 2182 in
1316 2129 1519 2186 Siculis
1551 2132 1747 2198 utique
1776 2130 1938 2187 credi.-

343 2196 540 2261 derim,
563 2196 821 2265 quoniam
846 2199 1080 2267 primum
1107 2200 1232 2251 eius
1253 2200 1572 2267 provinciae
1591 2201 1783 2255 affiatu
1804 2212 1938 2255 scor·

344 2265 573 2332 pienum
614 2266 792 2333 pestis
835 2267 1228 2337 exstinguitur.
1298 2269 1374 2321 Et
1414 2269 1475 2321 in
1495 2268 1656 2323 India
1690 2271 1968 2323 inventae.

344 2339 545 2393 eontra
565 2334 757 2387 eadem
780 2337 1011 2403 pollent,
1029 2343 1087 2391 et
1106 2337 1233 2389 aliis
1255 2339 1468 2407 magnis
1485 2339 1792 2401 miraculis.
1814 2334 1940 2393 ned»

341 2401 482 2454 dunt
493 2401 638 2454 enim
652 2407 861 2468 speeies
871 2404 1545 2470 fluminum,nemorum,et
1556 2408 1941 2470 iumentorum,

344 2470 516 2523 etiam
547 2471 765 2533 esseda,
807 2480 865 2526 et
884 2475 1168 2538 staticula,
1208 2482 1270 2528 et
1301 2491 1567 2546 equorum
1602 2483 1938 2547 ornamenta.

342 2538 555 2592 Medici
595 2538 867 2593 coticulas
921 2542 1056 2596 inde
1096 2543 1331 2598 faciunt.
1437 2544 1742 2613 Spectasse
1781 2550 1937 2600 etiam

339 2606 573 2728 grodest
593 2606 785 2688 oeulis.
854 2609 1020 2663 Sitim
1053 2627 1273 2682 quoque
1305 2615 1505 2668 sedant
1538 2617 1595 2669 in
1618 2633 1683 2671 os
1707 2615 1939 2672 additae.

391 2675 623 2745 hrygiae
643 2675 852 2734 viridia
888 2695 1000 2736 non
1022 2680 1244 2738 habent.
1317 2684 1526 2740 Thebis
1542 2687 1848 2757 Aegyptiis
1869 2698 1940 2738 re·
