2017 3034
311 120 416 198 ‘¹26
653 143 754 197 ἀ
808 122 1097 195 eumn
1140 140 1552 197 sncnnm-

309 252 445 301 sunt
475 242 748 313 ru'faequc
764 280 781 310 ,
802 245 1075 316 quaedam
1113 242 1320 299 ‘molles
1342 252 1400 300 et
1420 246 1709 301 sordidae.
1776 248 1901 301 Boo·-

310 316 446 370 chus
468 321 664 368 auctor
677 323 787 378 est,
809 322 865 369 et
884 316 945 368 in
962 316 1241 383 Hispania
1260 321 1532 384 repertas,
1575 332 1688 385 quo
1708 318 1767 368 in
1788 319 1892 369 loco

312 386 645 458 crystallum
677 384 817 439 dicit
857 387 947 438 ad-
968 387 1364 439 libramentum
1403 401 1583 455 aquae
1614 387 1797 455 puteis
1821 385 1893 449 de-

307 458 515 526 pressis
534 461 753 510 erutam
772 489 788 516 ,
826 452 1216 522 chrysolithon
1247 455 1352 510 xl!
1372 454 1561 522 pondo
1580 469 1616 507 a
1639 471 1703 507 se
1722 456 1892 508 visam.

376 541 576 601 XLIV.
594 542 780 595 ‘Fiunt
800 546 859 596 et
877 538 1252 609 leucochrysi,
1291 539 1705 594 interveniente
1727 540 1893 592 candi-

311 613 385 667 da
401 626 560 665 vena.
630 610 773 664 Sunt
798 612 859 662 in
887 608 994 663 hoc
1015 624 1220 678 genere
1243 611 1494 677 capniae.
1566 608 1710 661 Sunt
1731 616 1790 661 et
1825 609 1896 660 vi·

308 684 451 737 &eis
470 680 711 744 similes,
745 680 921 733 veluti
941 695 1109 730 croco
1130 678 1497 744 refulgentes.
1567 678 1756 731 Vitrei
1779 692 1899 730 vero

309 759 374 805 nt
397 753 517 804 visu
536 751 779 803 discerni
799 761 911 801 non
931 748 1164 816 possint,
1184 751 1371 806 tactus
1396 744 1791 815 deprehendit,
1829 753 1901 800 te·

309 821 496 890 pidior
517 821 576 879 in
599 818 816 870 vitreis.

378 902 554 961 XLV.
591 902 654 954 In
676 898 876 957 eodem
900 920 1107 974 genere
1130 909 1260 956 sunt
1281 901 1622 971 melichrysi,
1646 903 1743 969 qui
1761 901 1907 954 velu-

309 975 359 1026 ti
379 986 482 1040 per
499 986 697 1023 aurum
728 975 944 1026 sincero
976 973 1145 1028 melle
1173 973 1535 1026 translucent.
1605 971 1729 1023 Has
1760 971 1914 1025 India

308 1044 503 1104 mittit,
540 1056 851 1110 quanquam
890 1043 948 1095 in
969 1043 1183 1096 duritia
1221 1042 1472 1111 fragiles.
1541 1040 1603 1093 ln
1629 1042 1824 1097 eadem
1862 1048 1917 1093 et

310 1110 535 1174 xanthi,
559 1112 781 1180 plebeia
798 1113 878 1165 ibi
898 1128 1137 1183 gemma.

386 1195 585 1250 XLVI·
621 1199 992 1252 candidarum
1015 1199 1129 1251 dux
1152 1205 1238 1252 est
1259 1197 1561 1268 paederos:
1599 1213 1919 1267 quanquam

312 1272 502 1335 potest
524 1268 742 1334 quaeri,
782 1284 854 1323 an
873 1269 930 1321 in
954 1269 1157 1323 colore
1185 1268 1465 1321 numerari
1487 1268 1705 1331 debeat,
1747 1272 1920 1321 toties

309 1337 508 1390 iactati
526 1351 625 1404 per
649 1337 864 1390 alienas
893 1338 1332 1407 pulchritudines
1353 1337 1613 1391 nominis:
1660 1337 1808 1391 adeo
1831 1339 1922 1391 de·

313 1407 461 1460 coris
496 1407 892 1476 praerogativa
930 1409 990 1461 in
1030 1405 1316 1460 vocabulo·
1346 1408 1497 1460 facta
1539 1413 1643 1460 est·
1721 1407 1825 1459 Est
1865 1415 1922 1459 et

310 1488 473 1528 suum
515 1489 689 1543 genus
731 1476 1155 1544 exspectatione
1182 1483 1341 1530 tanta
1383 1475 1628 1546 dignum.
1685 1476 1923 1529 Coeunt

310 1547 465 1609 intus
498 1542 848 1597 translucida
877 1544 1207 1616 crystallus,
1246 1546 1442 1599 viridis
1463 1562 1566 1599 suo
1597 1545 1769 1598 modo
1802 1561 1922 1610 aer,

313 1612 592 1680 simulque
625 1627 888 1682 purpura,
924 1623 983 1670 et
1023 1615 1252 1684 quidam
1289 1616 1406 1669 vini
1442 1631 1511 1669 ac
1553 1615 1707 1670 croci
1750 1617 1923 1678 nitor,

2001 1142 2013 1275 ἲ

316 1697 538 1751 semper
558 1688 838 1736 extremus
856 1685 915 1736 in
933 1685 1084 1738 visu:
1129 1685 1230 1739 sed
1252 1699 1501 1753 purpura
1521 1690 1841 1749 coronatus,
1865 1693 1924 1739 et
2013 1708 2016 1713 ·

313 1753 403 1809 his
416 1752 637 1821 pariter
657 1754 929 1807 omnibus.
1002 1755 1123 1808 Nec
1142 1768 1482 1822 gemmarum
1509 1755 1628 1807 ulla
1647 1764 1739 1808 est
1755 1754 1923 1822 liqui·
2015 1788 2016 1799 η

317 1824 461 1886 dior,
501 1820 674 1887 captis
698 1824 940 1877 iucunda
958 1824 1209 1878 vanitate
1230 1824 1426 1885 oculis.
1498 1823 1923 1877 Laudatissima

315 1898 402 1947 est
420 1891 679 1957 inludis,
722 1894 871 1961 apud
893 1910 1038 1962 quos
1065 1907 1311 1961 sagenon
1333 1898 1583 1946 vocatur.
1656 1892 1924 1949 Proxima

316 1962 465 2032 apud
501 1964 815 2030 Aegyptios
838 1998 855 2025 ,
891 1965 986 2014 ubi
1031 1963 1278 2027 Tenues.
1350 1960 1554 2015 Tertia'
1583 1962 1645 2014 in
1688 1962 1920 2027 Arabia,

311 2046 506 2086 verum
534 2032 749 2084 scabra.
788 2078 789 2083 ,
821 2031 1057 2084 Mollius
1090 2032 1277 2085 radiat
1306 2030 1540 2085 Pontica
1572 2036 1631 2084 et
1648 2030 1920 2096 Asiatica.

312 2102 474 2170 Ipsae
511 2114 645 2154 vero
680 2098 971 2154 molliores
999 2106 1130 2152 sunt
1149 2101 1425 2164 Galatica,
1468 2106 1526 2153 et
1556 2098 1821 2163 Thracia,
1864 2108 1922 2179 et

313 2172 541 2239 cypria.
609 2169 766 2223 Vitia
808 2185 1000 2243 earum
1034 2171 1288 2237 languor,
1327 2175 1427 2223 aut
1461 2168 1657 2223 alienis
1697 2166 1920 2223 turbari

314 2240 615 2304 caloribus,
635 2245 695 2292 et
725 2247 866 2307 quae
889 2245 1220 2294 ceterarum.

384 2318 609 2374 xhvn.
646 2322 908 2376 Proxima
926 2323 1344 2377 candicantium
1366 2331 1453 2378 est
1473 2326 1696 2380 Asteria
1716 2361 1733 2388 ‚
1774 2325 1938 2393 prin--

317 2386 559 2458 cipat'um
583 2389 791 2444 habens
814 2407 912 2458 pro
952 2393 1159 2447 rietate
1178 2401 1435 2458 naturae,
1478 2395 1627 2463 quod
1647 2396 1922 2448 inclusam

238 2496 255 2507 r
315 2460 496 2513 lucem
536 2460 786 2527 pupillae
814 2460 904 2512 mo
948 2477 981 2514 o
1018 2462 1290 2530 quandam
1329 2465 1597 2527 continet,
1639 2480 1708 2518 ac
1747 2470 1925 2516 trans·

313 2527 498 2580 fundit
539 2543 662 2581 cum
694 2528 1105 2596 inclinatione,
1159 2534 1315 2586 velut
1349 2532 1501 2586 intus
1542 2533 1928 2587 ambulantem

318 2610 386 2649 ex
408 2597 523 2651 alio
545 2604 711 2666 atque
733 2596 846 2649 alio
867 2598 996 2652 loco
1017 2601 1274 2665 reddens,
1308 2603 1616 2671 eademque
1636 2604 1932 2658 contraria

318 2666 441 2729 Soli
460 2680 727 2736 regerent
747 2667 1103 2723 candicantes
1123 2670 1342 2736 radios,
1376 2670 1529 2726 unde
1549 2688 1756 2728 nomen
1777 2675 1927 2728 inve-
