2017 3034
592 128 875 177 ‘1NDEx
929 133 1232 182 RERUM.

106 223 269 266 Avena
290 222 466 267 Graeca
484 222 560 268 cui
577 235 667 266 non
686 222 807 266 cadit
831 234 903 265 se-

133 281 382 327 men18‚43.
416 291 559 322 avena
573 278 792 321 frumenti
807 279 902 332 pri-

131 347 255 376 mum
270 322 428 377 vitium
445 340 511 384 18,
525 337 594 378 44.
636 346 779 378 avena
793 334 905 377 Ger-

135 390 265 432 mani
290 403 373 444 pro
407 390 537 446 pulte
563 394 810 435 vescuntur
839 389 900 432 ib.

134 457 282 487 avena
297 445 562 489 victitantes
590 449 629 494 4,
650 448 720 488 27.
770 449 811 495 6,
832 449 901 488 35.

132 501 326 543 Avenae
353 500 478 543 cibus
509 501 671 569 Quibus
689 501 817 543 utilis
832 504 901 550 22,

134 559 208 600 68.
258 567 429 598 avenae
444 569 577 611 panis
593 557 761 599 utiliss.
783 555 846 599 ib.

105 612 370 655 Aventinus
397 624 526 654 mons
558 612 606 654 in
622 625 755 667 quem
771 611 902 669 plebs

133 669 347 710 Romana
362 668 555 711 secessit
574 672 639 717 19,
661 670 712 711 19
730 669 756 724 ξ
776 671 816 711 2.

106 724 300 769 Aviaria
326 723 559 766 turdorum
587 722 707 779 apud
722 729 903 767 veteres

135 782 209 829 17,
232 782 276 822 6.
323 778 498 822 aviaria
527 779 628 835 quis
647 779 822 838 primus
835 781 906 824 in.

138 835 299 878 stituit
319 838 388 885 10,
408 838 477 879 71.
740 880 753 886 ,
794 834 802 841 ‘

108 890 397 934 Aviditatem
413 890 464 933 in
474 889 587 934 cibis
598 890 825 935 facientia
835 894 903 941 20,

137 949 208 990 65.
228 949 300 989 72.
358 945 473 989 Vide
487 946 845 1002 Appetentiam.

107 1001 280 1044 Aviola
294 1001 347 1045 in
360 1014 470 1053 rogo
488 1003 663 1047 revixit
679 1005 723 1051 7,
741 1005 809 1045 53.

110 1057 280 1100 Avium
322 1057 625 1100 consideratio
668 1057 787 1101 libro
808 1072 811 1077 ·
836 1061 904 1101 10.

137 1125 250 1157 aves
258 1113 387 1170 picta
400 1125 486 1155 uva
497 1112 718 1168 deceptae
728 1117 798 1162 35,
812 1117 863 1157 36
878 1114 906 1169 ξ

137 1173 178 1213 3.
235 1180 345 1212 aves
371 1181 428 1212 ne
447 1168 619 1212 milium
639 1170 905 1224 panicumve

138 1228 335 1293 tangant
346 1229 412 1273 18,
422 1227 491 1268 45.
540 1224 761 1281 quomodo
772 1237 907 1293 manu

137 1283 685 1391 {2313?;:3¹;2‡3;38·0‚
707 1280 790 1380 1¹³¹?
803 1293 907 1385 2¹3}

140 1395 209 1441 10,
228 1395 302 1437 30.
342 1394 384 1442 8,
405 1395 470 1435 14.
529 1404 708 1435 cursum
727 1392 907 1434 navium

141 1448 393 1500 dirigentes
408 1449 449 1497 6,
459 1450 527 1490 24.
574 1448 805 1491 villaticae
819 1460 906 1501 quo

137 1507 269 1546 tutae
288 1503 403 1546 flant
421 1505 492 1554 23,
511 1506 576 1547 17.
624 1517 680 1546 ne
702 1507 909 1554 strangu-

136 1560 298 1603 lentur
306 1560 376 1608 243
391 1564 483 1603 113.
528 1570 634 1603 aves
646 1556 907 1602 animalium

138 1616 362 1659 minimae
394 1617 498 1664 9,1.
548 1620 682 1659 nocte
702 1616 907 1657 lucentes

140 1673 298 1771 {ignem
345 1682 488 1713 novae
501 1670 829 1726 fabulosaeque
842 1673 908 1720 10,

144 1842 398 1880 nascuntur
407 1840 449 1887 6,
457 1840 499 1882 4.

291 1740 381 1781 quo
401 1725 560 1777 ordine
581 1739 647 1770 ex
672 1739 756 1770 ovo
776 1737 910 1778 gene-

140 1786 305 1825 rentur
327 1785 395 1831 10,
412 1784 481 1827 73.
531 1793 686 1825 omnes
700 1781 751 1823 in
769 1780 910 1837 pedes

546 1841 659 1894 quot
671 1836 830 1879 diebus
841 1838 912 1879 in-

1641 144 1720 186 ΠΒ

963 228 1191 268 mutantes
1211 226 1258 271 in
1276 228 1389 273 alias
1400 241 1559 273 versae
1572 233 1638 279 10,
1649 233 1723 273 42.

965 279 1180 324 dentatae
1196 287 1263 332 10,
1277 287 1345 328 60.

963 337 1165 380 maxima
1188 343 1252 387 10,
1276 344 1313 382 1.
1331 343 1400 382 29.
1450 353 1562 394 quae
1582 342 1681 382 sola
1695 352 1724 382 a

964 403 1046 433 suo
1076 404 1242 445 genere
1273 394 1549 438 interimitur
1567 400 1631 445 16,
1652 401 1723 439 30.
1786 442 1794 451 ,

963 448 1111 490 avium
1164 452 1324 493 cantus
1370 462 1456 503 quo
1498 451 1721 506 compesci

963 503 1112 558 possit
1121 507 1197 553 35,
1215 508 1283 548 48.
1328 505 1478 548 avium
1492 517 1578 548 rex
1592 510 1632 555 8,
1652 509 1721 550 37.

962 560 1203 605 muitarum
1215 561 1396 604 nomina
1404 565 1723 616 naturaquem,

962 617 1032 657 67.
1077 616 1310 667 generatio
1324 621 1390 666 10,
1406 620 1472 661 73.
1520 629 1605 659 ova
1618 630 1724 671 qua·

961 670 1025 712 lia
1041 672 1132 719 10,7
1137 673 1177 713 4.
1221 672 1367 714 coitus
1381 672 1529 726 qualis
1544 671 1606 715 ib.
1647 684 1724 723 ge-

961 726 1217 769 nerationis
1230 754 1245 775 ,
1276 728 1537 777 incubatus,
1579 728 1727 770 coitus

963 786 1142 837 tempus
1159 786 1226 832 10,
1241 785 1310 827 73.
1325 786 1393 826 74.
1438 785 1588 827 avium
1608 783 1728 837 quod

963 838 1419 894 membrum·primum
1433 838 1634 892 gignitur
1662 838 1727 880 ib.

962 893 1727 1005 ssssmssxgzzfifxfsssssff”imi

963 1016 1048 1060 per
1056 1014 1224 1056 genera
1239 1009 1379 1054 10,13.
1421 1006 1730 1061 inauspicata-

963 1073 1063 1103 rum
1076 1060 1381 1104 consideratio
1395 1066 1460 1112 10,
1475 1065 1538 1105 14.
1579 1059 1729 1104 exhi:

965 1128 1081 1171 quae
1102 1128 1240 1160 uncos
1259 1129 1431 1169 ungues
1449 1131 1541 1161 non
1559 1114 1731 1159 hahent

965 1171 1158 1216 hirundo
1171 1173 1278 1222 ,sola
1293 1186 1429 1216 carne
1443 1173 1644 1216 vescitur
1661 1174 1729 1220 10,

965 1231 1035 1273 34.
1078 1228 1226 1270 avium
1236 1229 1454 1285 temporis
1466 1227 1730 1271 differentia

966 1292 1130 1335 magn·
1147 1287 1216 1332 10,
1233 1286 1303 1326 38.
1357 1284 1505 1327 avium
1523 1283 1726 1325 diversa.

964 1351 1064 1381 rum
1082 1339 1131 1381 in
1149 1338 1385 1383 medicinis
1404 1350 1512 1379 usus
1528 1340 1634 1385 30,8
1646 1336 1729 1389 (2).

967 1399 1009 1440 9.
1040 1397 1092 1437 12
1111 1399 1189 1443 (3).
1217 1396 1284 1438 18.
1312 1397 1365 1439 19
1387 1393 1465 1449 (2).
1482 1396 1537 1435 20
1556 1393 1639 1447 (4).
1659 1396 1729 1436 21.

968 1454 1023 1494 23
1045 1450 1127 1504 (2).
1147 1453 1200 1494 27
1221 1451 1310 1506 (2).
1325 1455 1381 1496 30
1396 1452 1475 1503 (2).
1492 1450 1559 1494 36.
1579 1451 1631 1491 44
1650 1451 1729 1501 (2).

967 1508 1036 1549 47.
1057 1510 1125 1550 50.
1179 1507 1328 1550 avium
1348 1508 1464 1550 mira
1484 1508 1551 1556 10,
1571 1508 1639 1551 37.
1660 1506 1728 1550 61.

967 1566 1130 1605 cantus
1158 1563 1236 1618 qui
1261 1562 1557 1607 suavissimus
1575 1567 1640 1611 10,
1660 1565 1727 1603 43.

966 1619 1204 1670 geniturae
1219 1619 1396 1673 quando
1413 1622 1478 1669 10,
1490 1621 1561 1661 46.
1605 1620 1731 1669 ingu-

968 1675 1049 1716 nia
1072 1678 1137 1723 10,
1162 1679 1204 1719 3.
1233 1678 1301 1719 48.
1334 1680 1406 1720 49.
1465 1674 1645 1718 volatus
1663 1675 1730 1715 in-

969 1742 1213 1785 cessusque
1232 1735 1299 1780 10,
1319 1734 1388 1774 54.
1446 1729 1730 1786 loquentium
1773 1751 1780 1761 κ

969 1786 1275 1829 consideratio
1311 1791 1379 1835 10,
1414 1790 1483 1830 57.
1542 1786 1758 1840 loquer».-

969 1841 1084 1884 tium
1130 1843 1290 1894 lingua
1328 1842 1476 1897 qualis
1532 1846 1612 1889 10,
1658 1843 1727 1883 59.

140 1893 314 1937 cubent
330 1897 399 1943 10,
411 1896 481 1936 75.
524 1892 820 1950 quaeenimal
831 1904 912 1948 pa-
969 1897 1123 1939 avium
1141 1901 1277 1952 potus
1295 1902 1362 1946 ιο,
1382 1899 1451 1940 63.

120 1950 271 1993 siunt
309 1953 387 1998 10,
423 1954 493 1993 81.
556 1949 801 2005 pleraeque
833 1961 912 1990 cur
942 1951 1275 1995 Axinomantia
1311 1952 1518 2003 magicae
1553 1951 1736 2005 speeies

143 2005 304 2048 oculos
321 2008 544 2059 appetant
560 2009 628 2054 11,
641 2008 711 2046 55.
756 2015 913 2046 omnes

972 2010 1128 2055 86‚³4·

172 2064 332 2103 raeter
365 2060 735 2115 vespertilionem
761 2058 910 2103 denti·
943 2062 1071 2106 Axin
1088 2060 1190 2106 fera
1208 2065 1252 2110 8,
1268 2067 1338 2108 31.

169 2129 224 2158 us
233 2121 398 2159 carent
413 2119 556 2166 11,62.
598 2127 711 2171 quae
724 2115 823 2158 sine
834 2126 913 2168 pe-
943 2118 1095 2162 Axius
1115 2121 1201 2168 Qu.
1219 2121 1260 2167 8,
1279 2120 1345 2162 68.

142 2171 278 2216 ‘lilim
302 2176 371 2221 ΙΙ,
391 2175 485 2215 10⁷·
534 2183 648 2227 quae
668 2174 717 2214 Gt
733 2169 911 2226 quando
944 2173 1186 2226 Axungiae
1197 2170 1518 2223 consideratio,
1528 2185 1637 2218 usus
1648 2179 1732 2218 etc.

137 2227 437 2283 loquaciores
450 2232 516 2277 11,
531 2231 624 2270 112.
672 2238 814 2270 uncos
833 2225 913 2268 ha·
974 2236 1040 2279 11,
1061 2234 1130 2273 84.

136 2282 306 2328 bentes
327 2296 383 2328 ac
402 2287 649 2327 nocturnae
666 2282 827 2338 quales
846 2285 912 2329 10,
944 2285 1138 2329 Azonax
1185 2288 1459 2342 praeceptor
1501 2285 1736 2330 Zoroasni

138 2341 207 2383 19.
230 2342 306 2382 21.
327 2342 399 2383 25.
449 2351 556 2383 aves
572 2338 829 2390 incognitae
845 2340 912 2384 10,
972 2345 1040 2389 30,
1059 2344 1102 2384 2.

145 2397 211 2438 17.
275 2404 305 2437 a
325 2394 472 2438 cauda
487 2394 542 2438 de
563 2407 649 2436 ovo
670 2397 912 2439 exeuntes,

139 2456 347 2507 et·qnare
360 2456 502 2501 10‚18.
544 2448 768 2504 auspiciis
779 2452 913 2503 aptae
1156 2478 1162 2483 ,

439 2505 620 2562 quaein
637 2505 792 2548 coenis
810 2517 915 2559 pro·
946 2503 1116 2547 Babiae
1131 2505 1282 2549 vinum
1302 2504 1436 2563 quale
1456 2510 1524 2557 14,
1540 2512 1567 2551 8
1588 2507 1613 2561 ς
1634 2511 1671 2549 6.

140 2510 208 2557 10,
224 2511 298 2551 20.
315 2509 389 2550 26.

135 2560 319 2606 hibitae
355 2565 397 2612 8,
429 2565 497 2606 82.

1301 2409 1382 2483 Β.

561 2562 764 2615 geminos
785 2561 914 2603 sinus
945 2560 1151 2603 Babilius
1166 2562 1429 2619 praefectus
1448 2562 1576 2606 Rom.
1597 2565 1663 2612 17,
1677 2566 1734 2606 35

138 2616 370 2662 habentes
402 2623 471 2669 11,
489 2622 559 2663 79.
610 2629 723 2672 quae
750 2617 912 2671 quibus

975 2616 1088 2670 513.

139 2674 189 2716 in
202 2674 328 2717 loeis
339 2680 432 2718 non
444 2675 540 2717 sint
553 2676 692 2723 10,41.
735 2672 913 2716 colores
946 2671 1194 2726 Babylonis
1220 2672 1355 2728 apina
1384 2669 1534 2729 qualis
1568 2675 1637 2721 13,
1664 2676 1733 2716 46.

1391 298 1502 340 quae
1524 287 1742 327 omnium·
