2017 3034
241 125 546 179 NATUR.
588 123 816 178 fllST.
869 125 1040 178 L'IB.
1079 125 1308 181 XXXV.
1349 124 1510 181 8-10.
1650 128 1685 181 ⁷

92 227 329 298 pretium
362 227 614 290 miratus,
649 227 1314 296 suspicatusquealiquid
1348 227 1406 286 in
1429 244 1497 282 ea
1516 231 1688 287 virtu,

91 299 183 361 tis,
220 298 372 364 quod
416 300 536 365 ipse
565 298 823 360 nesciret,
864 300 1150 351 revocavit
1190 297 1456 361 tabulam,
1498 300 1689 352 Attalo

90 367 330 425 multum
351 371 633 432 querente,
650 374 706 418 et
726 368 782 416 in
799 368 1017 419 Cereris
1034 365 1265 418 delubro
1287 369 1499 432 posuit:
1522 384 1690 434 quam

89 438 327 503 primam
347 437 593 493 arbitror
611 436 878 500 picturam
902 441 1185 488 externam
1208 436 1424 495 Romae
1444 438 1687 502 publica·

92 512 225 557 tam.
299 505 519 556 Deinde
538 504 703 555 video
736 510 793 555 et
827 506 885 555 in
908 504 1058 556 Foro
1079 506 1296 571 positas
1318 505 1504 570 vulgo.
1540 507 1688 561 Hinc

95 577 233 626 enim
254 572 353 624 ille
372 573 558 625 Crassi
580 574 821 625 oratoris
839 573 999 639 lepos
1019 573 1236 642 agentis
1258 575 1359 625 sub
1373 573 1691 640 Veteribus,

101 657 213 694 eum
245 643 410 693 testis
436 642 800 708 compellatus
831 643 1094 695 instaretz
1137 642 1247 704 Dic
1276 656 1427 709 ergo,
1468 647 1690 706 Crasse,
1723 700 1728 705 ,

100 712 308 778 qualem
329 725 420 762 me
440 711 617 761 reris?
673 710 887 771 Talem,
907 711 1110 778 inquit,
1131 711 1427 765 ostendens
1445 713 1506 764 in
1527 713 1689 765 tabu·

96 779 149 832 la
167 779 374 846 pictum
398 778 776 831 inficetissime
802 779 1023 830 Gallum
1056 786 1399 835 exserentem
1423 781 1690 848 linguam.

97 851 154 901 ln
174 848 327 900 Foro
349 847 458 901 fuit
478 847 658 898 stilla
675 848 916 912 pastoris
938 849 1087 900 senis
1106 865 1228 900 cum
1249 849 1469 911 baculo,
1490 850 1561 902 de
1584 865 1694 916 qua

95 916 478 971 Teutonorum
498 915 718 983 legatus
739 918 1046 981 respondit,
1084 917 1481 986 interrogatus,
1502 919 1693 985 quanti
1785 941 1792 945 ·

96 1002 213 1062 eam
233 986 564 1038 aestimaret
584 1018 602 1048 ,
640 985 749 1036 sibi
787 984 986 1038 donari
1011 985 1162 1039 nolle
1192 987 1365 1040 talem
1394 987 1580 1040 vivum
1600 1002 1693 1040 ve·

95 1070 209 1109 rum
252 1069 345 1106 ue.
778 1082 783 1085 ·
1598 1087 1602 1090 >

155 1071 253 1176 112¹.
292 1121 407 1176 Sed
427 1122 776 1190 praeeipuam
797 1122 1193 1177 auctoritatem
1215 1123 1349 1177 fecit
1366 1125 1587 1192 publice
1609 1132 1694 1181 ta·

12 1194 13 1219 ³
94 1193 237 1247 bulis
248 1194 471 1249 ,Caesar
493 1192 760 1254 dictator,
800 1192 967 1256 Aiace
1000 1198 1058 1244 et
1076 1191 1282 1247 Medea
1304 1200 1437 1246 ante
1454 1193 1692 1247 Veneris

98 1261 418 1329 Genetricis
458 1261 650 1312 aedem
673 1261 895 1314 dicatis.
965 1256 1105 1312 Post
1144 1276 1271 1313 eum
1311 1261 1392 1313 M.
1430 1262 1696 1328 Agrippa,

98 1332 182 1383 vir
199 1329 510 1389 rusffcitati
553 1331 785 1396 propior
808 1343 973 1396 quam
1014 1328 1250 1381 deliciis.
1316 1329 1525 1383 Exstat
1545 1336 1713 1384 certe*

101 1399 219 1452 eius
239 1401 429 1453 oratio
455 1399 765 1464 magnifica,
811 1403 868 1450 et
899 1397 1144 1449 maximo
1177 1397 1376 1450 civium
1399 1397 1584 1465 digna,
1622 1399 1695 1452 de

98 1468 306 1523 tabulis
346 1468 602 1519 omnibus
643 1466 928 1534 signisque
966 1466 1340 1533 publicandis:
1383 1469 1532 1535 quod
1571 1469 1722 1521 fieri-

12 1586 13 1603 *
97 1540 277 1599 stfius
320 1535 540 1598 fuisset,
578 1551 740 1603 quam
781 1535 839 1586 in
861 1535 1128 1587 villarum>
1152 1537 1348 1588 exsilia
1369 1537 1519 1601 pelli.
1592 1538 1698 1590 Ve-

12 1606 15 1671 ξ
94 1607 439 1663 meadem
467 1604 574 1655 illa
602 1605 841 1656 torvitas
868 1605 1090 1656 tabulas
1127 1604 1265 1657 dunas
1287 1606 1469 1659 Aiacis
1510 1612 1567 1660 et
1588 1608 1697 1661 Ve-

12 1678 15 1689 ²
97 1677 247 1741 nris
270 1681 517 1728 mer-cata
539 1680 625 1725 est
645 1689 678 1724 a
701 1673 987 1741 Cyzicenis
1005 1675 1060 1726 X
1090 1673 1183 1726 111.
1215 1680 1224 1684 ’
1243 1674 1307 1725 1η
1327 1672 1697 1726 Thermarum

94 1758 323 1821 viaque
367 1742 708 1795 calidissima
750 1748 911 1808 parte
969 1742 1345 1809 marmoribus
1393 1743 1699 1801 incluserat

138 1812 139 1815 ’
196 1846 199 1847 ⁷
237 1827 303 1867 as
321 1813 559 1865 tabellas
576 1845 594 1875 ‚
637 1811 804 1878 paulo
826 1815 954 1865 ante
976 1826 1101 1865 cum
1124 1813 1492 1865 reficerentur
1515 1849 1535 1876 ‚
1572 1814 1700 1867 sub·

12 1916 15 1995 ξ
162 1962 165 1963 ’
212 1964 215 1965 ’
275 1948 454 2017 Super
475 1962 666 2001 omnes
686 1947 864 2000 Divus
888 1949 1162 2015 Augustus
1181 1949 1239 1999 in
1258 1946 1409 2001 Foro
1430 1961 1533 1999 suo
1556 1947 1701 1999 cele·
1746 1975 1754 1983 ·

12 2004 15 2083 ξ
95 2019 351 2077 lun-rima
370 2019 428 2069 in
450 2023 607 2084 parte
637 2017 827 2084 posuit
850 2018 1075 2073 tabulas
1105 2018 1260 2080 duas,
1303 2031 1443 2082 quae
1462 2016 1596 2067 belli
1620 2016 1700 2082 pi.

12 2100 13 2103 ’
100 2094 256 2143 m
279 2086 483 2139 faciem
520 2085 729 2138 habent
763 2091 819 2138 et
839 2084 1190 2152 triumphum.
1262 2084 1413 2136 Idem
1438 2085 1700 2137 Castores

93 2170 167 2211 ιο
184 2155 498 2209 Victoriam
520 2156 733 2221 posu-it,
770 2160 829 2206 et
850 2171 985 2223 quas
1023 2154 1271 2206 dicemus
1299 2155 1399 2205 sub
1424 2152 1701 2206 artificum

91 2224 389 2279 mentione
407 2226 462 2275 in
488 2225 696 2291 templo
719 2223 970 2275 Caesaris
993 2222 1187 2290 patris.
1277 2222 1428 2275 ldem
1453 2224 1509 2274 in
1534 2226 1703 2277 Curia

12 2302 13 2313 ¹
92 2308 343 2363 quoque,
384 2308 543 2360 quam
564 2293 622 2343 in
645 2292 880 2345 Comitio
901 2292 1279 2354 consecrabat,
1320 2293 1458 2345 duas
1480 2293 1700 2347 tabulas

12 2376 15 2413 ε
88 2365 117 2418 i
216 2362 638 2428 remit-parieti:
680 2361 945 2414 Nemeam
966 2361 1253 2414 sedentem
1278 2376 1445 2427 supra
1463 2360 1705 2422 leonem,

90 2447 137 2501 p
259 2432 473 2500 igeram
494 2431 693 2497 ipsam,
727 2430 985 2483 adstante
1006 2444 1128 2482 cum
1150 2429 1346 2482 baculo
1366 2443 1515 2493 sene,
1546 2430 1705 2481 euius

206 2516 278 2553 ra
297 2505 467 2565 caput
487 2498 682 2551 tabula
713 2500 878 2567 bigae
909 2497 1200 2564 dependet.
1269 2497 1459 2550 Nicias
1481 2496 1708 2564 scripsit

94 2514 493 2635 manissime:
538 2568 641 2620 tali
664 2568 808 2620 enim
830 2582 963 2619 usus
987 2573 1077 2619 est
1095 2558 1308 2619 verbo?
1323 2564 1595 2618 “Alterius
1617 2566 1718 2613 ta:

96 2625 727 2701 me'adu'iiratio'est,
763 2636 1027 2703 puberem
1049 2635 1229 2687 filium
1248 2634 1370 2686 seni
1391 2631 1539 2700 patri
1559 2629 1709 2681 simi·
1725 2694 1734 2703 .
1743 2676 1756 2713 ὲ
