2017 3034
172 138 482 202 unua.
531 144 750 201 msT.
791 138 956 215 mn.
997 107 1387 204 xxxv11.‹{3
1415 151 1544 204 -cz
1595 147 1722 206 -132

107 250 440 372 guibusdam
464 257 523 302 et
542 250 789 305 sideritis
809 259 1045 306 vocatur
1067 290 1083 318 ,
1123 247 1306 321 ignem
1326 268 1437 306 non
1457 256 1719 310 sentiens.

159 316 416 383 stracias,
437 322 555 375 sive
573 323 895 386 Ostracitis,
917 332 1003 376 est
1024 329 1278 379 testacea
1297 323 1515 377 durior:
1539 318 1723 382 altera
1821 370 1827 381 ,

27 406 33 412 ’
104 390 345 447 achatae
367 392 587 455 similis,
625 393 732 444 nisi
762 394 910 475 quod
953 392 1179 444 achates
1203 393 1461 459 politura
1494 396 1723 467 pingue-
1786 418 1794 433 ¹

106 461 217 512 scit
239 478 254 512 ε
297 460 519 513 duriori
538 468 700 514 tanta
715 461 865 515 inest
874 463 964 526 ⁴vis
987 497 1004 524 ,
1041 462 1120 513 ‘ut
1140 463 1288 514 aliae
1309 474 1564 530 gemmae
1583 467 1725 518 scal·

106 536 312 598 p‘antm·
334 530 678 599 *fragmentis
722 533 860 584 eius.
925 532 1258 584 Ostracitidi
1294 539 1484 583 ostrea
1522 548 1724 589 nomen

106 604 166 653 et
186 601 613 653 similitudinem
639 599 863 654 dedere.
946 601 1359 668 ophicardelon
1381 602 1608 655 barbari
1632 619 1726 657 vo·

109 677 256 734 cant,
271 673 488 737 nigrum
513 672 757 722 colorem
776 672 924 723 binis
944 672 1107 723 lineis
1129 671 1274 723 albis
1295 670 1724 726 includentibus·

38 798 43 805 ,
105 737 192 792 De
215 741 522 792 Obsidiano
554 740 748 806 lapide
773 732 1015 792 dilimus
1037 742 1325 806 superiore
1349 741 1509 792 libro.
1573 742 1725 796 Inve-

106 813 340 861 niuntur
361 816 417 863 et
442 825 694 877 gemmae
718 811 915 862 eodem
940 808 1164 862 nomine
1186 825 1254 862 ac
1276 809 1482 874 colore,
1504 825 1614 864 non
1639 810 1725 864 so·

105 877 220 945 lum
247 881 305 932 in
328 880 629 946 Aethiopia
653 878 947 946 Indiaque,
987 880 1087 931 sed
1109 880 1274 932 etiam
1298 880 1356 929 in
1384 879 1630 945 Samnio,
1665 887 1729 933 ut

108 948 289 1016 aliqui
321 956 547 1014 putant,
573 955 632 1002 et
654 950 715 1000 in
736 950 995 1001 litoribus
1020 948 1413 1016 Hispaniensis
1434 950 1665 1003 Oceani.

177 1017 385 1071 LXVI.
423 1018 711 1073 Panchrus
740 1019 859 1072 fere
895 1034 963 1071 ex
994 1019 1250 1071 omnibus
1286 1019 1568 1072 coloribus
1600 1035 1729 1072 con·

105 1093 244 1141 stat.
314 1087 633 1159 Pangonius
672 1104 783 1141 non
823 1089 1053 1157 longior
1076 1089 1273 1155 digito,
1318 1103 1388 1140 ne
1420 1090 1727 1157 crystallus

104 1158 384 1222 videatur,
429 1175 660 1213 numero
705 1159 949 1226 plurium
980 1161 1315 1225 angulorum
1367 1165 1547 1211 cavet.
1617 1159 1723 1212 Pa·

107 1243 278 1283 ncros
301 1230 482 1296 qualis
507 1231 610 1291 sit,
655 1229 1044 1283 a'Metrodoro
1067 1243 1177 1279 non
1200 1226 1407 1279 dicitur
1430 1247 1444 1278 ι
1486 1228 1584 1280 sed
1606 1243 1727 1280 car·

105 1312 237 1350 men
251 1299 557 1353 Timaridis
581 1300 809 1367 reginae
833 1299 890 1348 in
906 1291 1099 1349 eadein
1122 1298 1369 1348 dicatum
1381 1297 1594 1350 Veneri
1614 1312 1724 1349 non
1779 1345 1794 1352 ,

105 1367 397 1436 inelegans
416 1372 606 1437 ponit,
648 1381 718 1420 ex
738 1383 849 1436 quo
876 1367 1218 1433 intelligitur
1255 1367 1505 1418 additam
1531 1367 1582 1419 ei
1608 1366 1727 1421 foe·
1823 1418 1827 1429 ,

109 1438 477 1490 cunditatem.
511 1437 751 1500 Quidam
774 1435 914 1503 hanc
936 1436 1312 1503 pansebaston
1332 1434 1555 1488 vocant.
1579 1437 1725 1489 Pon·

107 1504 347 1559 ticarum
388 1510 712 1576 pluraosunt
747 1522 971 1574 genera.
1047 1509 1147 1560 Est
1170 1507 1403 1559 stellata
1426 1521 1572 1558 nunc
1601 1520 1725 1558 san·

107 1578 349 1645 guineiS,
372 1594 518 1629 nunc
541 1578 755 1630 auratis
776 1577 971 1646 guttis,
1009 1590 1156 1643 qua‘c
1177 1577 1325 1628 inter
1345 1590 1533 1629 sacras
1556 1574 1725 1628 habe·

105 1654 220 1698 tur.
290 1648 418 1699 Alia
453 1663 554 1714 pro
589 1647 772 1699 stellis
809 1645 1062 1699 eiusdem
1086 1646 1295 1697 coloris
1330 1645 1511 1698 lineas
1533 1643 1722 1708 habet,

106 1716 220 1768 alia
263 1719 538 1768 montium
582 1717 1031 1783 convalliumque
1073 1716 1304 1782 effigies.
1398 1713 1723 1784 Phloginos,

108 1801 267 1853 quem
295 1794 352 1838 et
372 1786 661 1855 chrysiteri
685 1793 904 1848 vocant,
928 1785 1131 1838 ochrae
1153 1787 1371 1837 Atticae
1393 1785 1723 1851 assimilata,

105 1856 393 1908 invenitur
415 1857 473 1906 in
498 1859 773 1924 Aegypto.
843 1855 1187 1908 Phoenicitis
1213 1869 1280 1909 ex
1302 1853 1491 1905 balani
1514 1853 1719 1906 simili·

106 1925 306 1978 tudine
332 1926 668 1993 appellatur.
717 1924 1010 1992 Thyestis,
1034 1925 1213 1992 algae.
1285 1923 1628 1986 Perileucos,
1656 1922 1726 1975 fit

105 1997 174 2047 ab
195 2009 303 2047 ora
328 2008 584 2065 gemmae
619 1994 688 2047 ad
721 1994 970 2046 radicem
1008 2008 1186 2060 usque
1227 1989 1465 2043 candido
1488 1991 1730 2044 descen·.

107 2063 296 2118 dente.
369 2066 726 2127 Paeantides,
750 2078 885 2131 quas
908 2063 1131 2130 quidam
1158 2059 1486 2129 gemonidas
1505 2065 1724 2122 vocant,
1743 2074 1754 2078 ·

101 2142 484 2204 praegnantes
505 2136 629 2187 fieri
653 2142 709 2187 et
731 2149 928 2201 parere
952 2132 1231 2193 dicuntur,
1251 2128 1575 2197 mederique
1598 2142 1724 2195 par-

99 2205 465 2259 turientibus.
489 2206 631 2258 Nam
650 2203 865 2255 talesia
880 2200 1217 2254 Macedonia
1235 2198 1392 2249 iuxta
1406 2213 1728 2253 monumen·

101 2278 218 2325 tum
243 2275 506 2327 Tiresiae
524 2274 901 2333 inveniuntur,
924 2272 1110 2336 specie
1134 2283 1313 2335 aquae
1336 2270 1631 2334 glaciatae.

144 2343 402 2396 ·va11.
439 2343 587 2395 Solis
611 2358 830 2411 gemma
861 2339 1097 2392 candida
1128 2344 1215 2391 est
1235 2373 1250 2400 ‚
1300 2341 1358 2389 et
1381 2339 1451 2392 ad
1476 2340 1723 2406 speciem

102 2410 309 2479 sideria
338 2414 401 2464 in
423 2414 614 2466 orbem
651 2413 933 2481 fulgentes
957 2408 1175 2478 spargit
1196 2406 1406 2463 radios.
1478 2408 1727 2476 Sagdam

105 2480 378 2535 Chaldaei
402 2481 892 2536 adhaerescentem
915 2480 1148 2531 navibus
1171 2477 1476 2544 inveniunt,
1520 2474 1728 2544 prasini

108 2552 336 2613 coloris.
412 2551 802 2605 Samothracia
829 2549 1020 2603 insula
1042 2547 1293 2601 eiusdem
1318 2549 1560 2603 nominis
1581 2558 1752 2611 gemm

106 2633 255 2681 mam
299 2623 399 2674 dat
437 2623 674 2692 nigram,
718 2637 785 2675 ac
818 2620 939 2682 sine
962 2619 1227 2686 pondere,
1268 2617 1429 2683 ligno
1464 2614 1731 2690 similem:
1775 2651 1779 2655 ,

108 2686 370 2750 Suu-itin
410 2695 468 2744 in
497 2699 693 2744 ventre
722 2690 923 2742 viridis
956 2687 1164 2742 lacerti
1186 2689 1458 2739 arundine
1502 2685 1730 2745 dissecti
