2017 3034
592 113 900 184 'mnnx
954 140 1256 200 Renum,

1664 148 1748 191 281

139 229 376 277 muliones
399 229 593 274 culicum
616 244 757 283 genus
779 234 933 285 11719.
965 232 1133 274 Murex
1154 232 1297 287 piscis
1324 237 1370 275 et
1386 233 1483 275 eins
1498 233 1549 276 in
1565 233 1756 287 medici,

169 301 258 329 uvo
279 290 450 328 tantum
469 287 543 329 die
563 287 717 330 vivunt
739 291 807 336 30,
823 291 892 330 53.

126 342 320 385 'Mullea
337 342 643 384 calceamenta
659 347 703 389 -9,
723 348 790 386 30.

992 288 1065 328 nis
1095 300 1204 329 usus
1233 291 1275 336 9,
1296 290 1363 329 60.
1385 292 1452 330 41.
1473 293 1542 330 52.
1588 293 1656 338 32,
1676 293 1749 332 27.

991 347 1062 384 44.
1076 345 1145 385 46.
1192 340 1407 384 muricum
1422 340 1627 396 pariendi
1638 348 1752 386 tem-

137 397 315 441 nunus
339 398 482 453 piscis
510 399 559 440 in
578 399 678 451 cibo
697 398 872 441 inutilis
893 403 933 448 5,
993 411 1075 451 pus
1096 403 1137 447 9,
1153 401 1222 440 74.
1270 398 1519 439 medicinae
1536 403 1693 448 32,,31.

153 456 242 494 10.
269 453 319 494 in
332 453 570 511 medicinis
582 466 692 494 usus
709 458 749 505 5,
767 461 832 496 10.
863 459 931 502 32,
963 453 1255 504 Murgentina
1273 465 1359 495 uva
1377 456 1443 504 14,
1463 458 1489 495 8
1508 453 1534 506 ξ
1554 457 1594 495 5.

85 540 89 545 .
167 510 240 551 49.
289 511 360 557 29,
382 511 448 551 16.
518 509 776 559 octuaginta
793 510 931 553 libra·
962 509 1112 551 Maria
1131 509 1238 562 quid
1259 513 1327 556 31,
1344 511 1412 551 43.
1445 512 1513 559 32,
1531 512 1601 550 42.

166 575 269 604 rum
287 568 330 612 9,
342 568 409 606 31.
455 565 696 606 mullorum
709 566 842 619 copia
855 566 931 607 ubi
962 565 1190 606 Mutinam
1219 564 1341 605 inter
1372 563 1482 607 vina
1510 575 1563 606 ac
1598 563 1747 608 dulcia

167 622 212 666 9,
233 621 302 661 30.
350 620 618 674 expirantes
637 621 931 662 versicolores
950 654 955 661 ,
988 620 1266 661 nominatum
1282 622 1347 667 14,
1371 623 1439 662 15.

168 678 210 722 9,
234 678 305 716 31.
368 679 442 718 ter
459 688 576 717 anno
596 675 783 729 pariunt
802 678 841 724 9,
862 679 930 719 74.
961 676 1188 718 Marinum
1201 672 1430 724 hordeum,
1443 677 1570 719 etex
1587 685 1641 716 eo
1659 687 1749 718 mo-

100 764 103 767 ,
163 729 325 783 lepore
341 731 515 773 marino
535 734 776 773 vescuntur
801 735 869 781 32,
890 736 929 774 3.
990 730 1172 772 dicinae
1193 733 1261 779 22,
1277 732 1346 770 65.

136 783 283 826 mulsi
302 786 606 829 consideratio
627 790 697 834 22,
719 791 786 828 51.
807 791 873 830 53.

137 839 424 895 multipedae
441 843 607 885 vermis
626 840 677 884 in
691 842 929 885 medicinis

166 907 278 937 usus
298 901 366 946 30,
385 903 453 941 11.
473 902 542 941 22.

130 949 307 994 mulus.
368 952 544 1000 Quaere
560 952 707 995 mula.

131 1005 377 1049 Mulvium
398 1016 588 1050 cotonea
607 1011 673 1056 15,
698 1011 764 1051 10.

131 1060 383 1105 Mummius
402 1064 455 1104 1..
481 1074 644 1105 censor
657 1068 726 1111 33,
755 1067 822 1106 18.
872 1076 933 1106 ex
989 1076 1108 1103 mum
1127 1061 1314 1105 Romam
1340 1062 1529 1105 advecta
1558 1065 1629 1114 37,
1646 1067 1684 1104 7.
1705 1062 1754 1104 'et
1833 1088 1840 1097 ι

961 787 1116 828 Muros
1142 785 1317 827 aedium
1337 780 1549 826 Thrason
1577 785 1748 839 primus

986 840 1163 939 {effigit
1175 843 1217 891 7,
1236 843 1304 883 57.
1349 851 1502 888 rnurus
1518 840 1751 882 lateritiae

1050 927 1060 946 ‚
1134 927 1144 937 .

875 962 881 969 ·
962 950 1336 994 Murrhina‘vasa
1362 951 1553 995 minoris
1584 957 1752 1006 empta,

990 1019 1123 1061 quam
1142 1007 1303 1048 fictilia
1316 1009 1381 1054 35,
1395 1009 1464 1049 46.
1511 1017 1538 1046 a
1556 1019 1641 1060 quo
1661 1007 1756 1061 pri-

169 1115 390 1160 corintho
408 1119 544 1161 miras
563 1119 762 1172 picturas
786 1118 933 1161 refert
992 1117 1122 1170 plura
1143 1121 1183 1159 8.

169 1176 241 1222 35,
256 1176 297 1216 8.
328 1173 437 1227 quid
449 1172 637 1215 Romam
647 1175 853 1216 attulerit
867 1179 933 1224 37,
965 1173 1165 1214 Martiae
1184 1172 1380 1215 Veneris
1398 1185 1476 1216 ara
1490 1173 1662 1216 Romae
1683 1174 1751 1220 15,

164 1228 225 1279 §43
259 1226 523 1270 Corinthum
541 1229 682 1271 diruit
700 1234 770 1277 34,
788 1232 825 1271 6.
874 1231 934 1271 si·
995 1232 1062 1281 37.
1233 1252 1241 1260 ·

167 1285 275 1333 gnis
291 1285 447 1326 urbem
458 1284 645 1326 Romam
655 1285 853 1340 replevit
863 1289 932 1337 34,
964 1283 1161 1326 Marium
1178 1283 1353 1329 consid.
1373 1289 1416 1334 8,
1437 1288 1504 1328 55-
1520 1287 1587 1327 76·
1652 1283 1752 1326 ῙΟΘ·

135 1393 340 1436 Mumlus
359 1395 505 1451 qualis
526 1394 590 1436 sit
609 1400 649 1445 2,
670 1396 772 1439 init.

133 1449 383 1504 Municipii
403 1461 490 1492 uva
511 1452 577 1500 14,
598 1454 626 1492 4
645 1452 670 1506 ξ
686 1453 726 1494 7.

133 1504 343 1548 Mur-ales
362 1519 554 1550 coronae
577 1510 640 1556 16,
660 1512 702 1550 3.
737 1511 804 1557 22,
820 1511 862 1552 4.

134 1560 377 1615 muraenis
405 1562 608 1616 piscibus
639 1563 788 1605 ferula
812 1562 933 1608 infe-

74 1658 84 1664 ,
167 1617 374 1659 ctissime
387 1621 456 1666 20,
477 1620 545 1662 98.
599 1628 839 1661 muraenae
859 1621 930 1674 pi-

164 1674 264 1715 scis
277 1679 402 1716 astus
417 1677 487 1725 32,
500 1678 540 1717 5.
555 1679 595 1718 3.
629 1687 870 1717 muraenae
883 1675 931 1716 in

165 1728 283 1771 luxu
301 1733 368 1778 35,
389 1731 459 1771 46.
527 1742 768 1772 muraenae
796 1730 931 1772 molle

166 1789 445 1836 tegmentum
461 1787 505 1834 9,
524 1789 590 1827 14.
656 1785 832 1838 quando
860 1797 932 1827 ca·

165 1840 327 1895 piatur
342 1844 381 1891 9,
394 1844 464 1882 24.
509 1845 683 1889 exeunt
699 1840 749 1882 in
765 1847 931 1883 terram

166 1900 209 1943 9,
237 1899 328 1937 35.
371 1896 494 1946 longi
519 1899 560 1944 9,
581 1899 650 1938 36.
709 1895 864 1950 pinnis
887 1898 934 1935 et

165 1949 398 1993 branchiis
423 1954 582 1993 carent
604 1950 670 1992 ib.
734 1962 817 1992 ova
836 1962 932 1990 cre-

168 2013 303 2050 scunt
323 2011 363 2056 9,
382 2008 453 2049 74.
517 2016 730 2047 muraena
756 2008 932 2045 tantum

169 2076 312 2105 sexus
338 2061 559 2105 foeminei
592 2072 705 2115 quae
728 2063 774 2100 et
793 2073 817 2101 e
838 2071 932 2100 ser-

167 2120 386 2174 pentibus
409 2116 626 2169 concipit,
651 2115 813 2168 cuique
835 2115 932 2156 ani-

166 2187 243 2216 ma
258 2174 308 2217 in
326 2172 481 2220 cauda,
495 2176 543 2214 et
555 2171 771 2225 quomodo
784 2170 933 2211 extin-

166 2233 336 2281 guntur
354 2233 422 2279 32,
442 2231 483 2270 5.
528 2239 628 2270 cum
642 2226 930 2281 serpentibus

167 2286 294 2328 coire
325 2289 366 2334 9,
387 2288 466 2327 39.
503 2287 572 2333 32,
586 2285 630 2323 5.
695 2294 929 2337 muraena-

167 2354 270 2383 rum
288 2340 515 2384 vivarium
545 2337 644 2392 quis
661 2337 831 2390 primus
851 2349 932 2378 ex-

77 2425 85 2437 .
167 2396 442 2447 cogitaverit
462 2398 502 2446 9,
523 2400 590 2437 81.
656 2405 869 2435 muraena
887 2396 933 2432 et

171 2463 339 2502 conger
357 2451 508 2504 pisces
522 2449 676 2491 hostes
691 2448 813 2491 inter
829 2461 878 2489 se
893 2450 932 2498 9,

170 2509 244 2548 88.
292 2519 533 2550 muraenae
546 2516 719 2548 morsus
733 2503 933 2545 remedia

170 2566 242 2613 82,
262 2565 331 2605 20.
385 2572 627 2609 muraenae
645 2560 701 2601 ad
722 2558 830 2616 quid
845 2560 934 2602 uti-

167 2618 242 2659 lo·
264 2622 334 2667 32,
354 2622 421 2661 27.

139 2672 392 2720 Muraenae
406 2674 460 2718 1..
477 2670 576 2718 lum
593 2674 663 2726 33,
684 2675 752 2721 16.

991 1343 1065 1380 tus
1079 1351 1132 1382 ac
1142 1341 1253 1382 mira
1263 1341 1496 1393 generatio
1514 1346 1579 1391 10,
1593 1343 1661 1382 84.
1681 1342 1751 1381 85.

991 1394 1228 1441 lambendo
1262 1396 1526 1450 concipiunt
1563 1399 1640 1443 10,
1679 1397 1750 1437 85.

991 1456 1296 1505 praegnantes
1325 1452 1374 1493 in
1400 1455 1527 1493 utero
1547 1450 1752 1504 parentis

988 1511 1198 1560 repertae
1225 1505 1286 1549 ib.
1337 1520 1416 1548 cur
1445 1510 1752 1560 praegnante·
1819 1520 1824 1529 .

990 1566 1175 1612 gustatu
1193 1562 1321 1604 ‘salis
1353 1562 1467 1603 fiant
1499 1561 1561 1604 ib.
1625 1572 1756 1611 agre-

993 1618 1131 1660 stium
1142 1618 1342 1669 undelvis
1355 1616 1555 1659 tantsib.
1601 1614 1754 1658 niure!

990 1674 1067 1716 ubi
1094 1673 1268 1716 incolas
1297 1672 1458 1724 fugent
1476 1672 1540 1715 ib.
1588 1672 1751 1725 quibus

990 1734 1211 1772 necentur
1225 1732 1295 1777 21,
1316 1732 1384 1771 92.
1412 1732 1480 1778 22,
1497 1733 1565 1770 21.
1596 1731 1664 1776 25,
1679 1729 1749 1768 27.

989 1787 1060 1835 27,
1075 1787 1115 1826 2.
1146 1797 1231 1838 qua
1239 1782 1381 1825 herba
1391 1787 1631 1825 vescantur
1644 1793 1750 1823 con.-

990 1840 1062 1880 tra
1099 1842 1335 1892 serpentes
1367 1842 1435 1886 22,
1462 1842 1532 1880 45.
1590 1837 1753 1891 quibus

989 1893 1220 1948 pellantur
1232 1896 1381 1939 msto.
1411 1896 1563 1942 2232.
1598 1895 1753 1942 30‚53.

990 1961 1048 1990 ne
1062 1947 1248 2000 quaevis
1263 1947 1489 1996 attingant
1502 1950 1570 1996 20,
1583 1949 1625 1988 4.
1655 1959 1753 1988 mu-

988 2004 1104 2044 rium
1124 2004 1229 2044 natu
1236 2012 1288 2040 ra
1305 2012 1396 2041 non
1409 2000 1665 2054 spernenda
1679 2004 1750 2049 29,
1770 2002 1775 2005 ’

992 2062 1059 2101 15.
1104 2056 1310 2109 muribus<
1323 2069 1399 2097 cor
1418 2055 1661 2097 maximum
1682 2061 1750 2104 11,

989 2118 1059 2156 70.
1088 2112 1232 2167 aliqui
1249 2111 1315 2152 fel
1326 2124 1416 2153 non
1428 2110 1597 2153 habent
1611 2115 1749 2161 11:14.

989 2169 1130 2211 fibrae
1164 2170 1376 2210 crescunt
1407 2171 1455 2208 et
1484 2166 1754 2209 decrescunt

989 2239 1090 2267 cum
1104 2225 1213 2266 luna
1232 2228 1296 2274 11,
1309 2223 1377 2264 76.
1429 2222 1608 2264 omnino
1624 2221 1754 2263 inelo-

989 2281 1101 2322 ciles
1125 2285 1189 2328 10,
1204 2281 1272 2321 62.
1302 2278 1381 2320 ubi
1398 2277 1487 2320 albi
1502 2282 1542 2328 8,
1555 2281 1623 2321 82.
1652 2288 1753 2321 mu·

988 2336 1188 2378 marinus
1226 2333 1305 2375 ubi
1337 2347 1421 2376 ova
1459 2333 1583 2388 parit
1611 2337 1653 2382 9,
1681 2334 1752 2375 76.

990 2393 1190 2433 muribus
1211 2390 1325 2445 quae
1345 2389 1474 2440 glans
1493 2388 1756 2441 gratissima

994 2449 1061 2495 16,
1081 2450 1123 2489 7.
1185 2458 1334 2488 mures
1354 2446 1498 2487 ruinis
1517 2445 1756 2487 imminen-

973 2500 1080 2545 'tin‘
1099 2503 1403 2556 praemigrant
1422 2505 1461 2551 8,
1480 2503 1549 2543 42.
1603 2510 1756 2541 mures

991 2559 1168 2601 urbium
1202 2557 1374 2599 incolas
1389 2555 1634 2605 ‚interdum
1661 2555 1757 2608 pel-

990 2614 1094 2655 lunt
1122 2618 1162 2660 8,
1181 2616 1251 2655 48.
1289 2617 1356 2655 82.
1390 2614 1540 2659 10,85.
1605 2621 1756 2652 mure!

991 2668 1157 2713 marini
1187 2670 1229 2718 9,
1258 2671 1325 2712 35.
1356 2670 1425 2711 78.
1486 2670 1636 2710 niures
1653 2663 1760 2710 Nili
