2017 3034
191 166 509 221 sarua.
551 130 773 220 m'sT.
822 169 985 222 Lm.
1023 138 1479 223 xxixam-32
1592 166 1658 222 13

43 268 263 324 fectust
324 272 704 338 optimusque,
727 277 841 337 est,
881 276 975 340 qui
1017 275 1259 325 maxime
1300 275 1513 325 vicinus
1554 277 1660 334 est,

45 341 466 392 communicato
486 341 679 392 colore
703 356 827 393 cum
848 343 1133 396 caeruleo.
1187 343 1455 395 Solebant
1480 344 1659 394 librae

36 410 165 461 'eius
189 413 433 461 tricenis
453 411 691 461 nummis
710 414 915 462 taxari.
985 414 1218 464 Inventa
1236 427 1338 478 per
1357 412 1664 478 Hispanias

46 494 222 531 arena
247 486 367 540 est,
410 480 653 529 similem
677 494 864 529 curam
888 481 1181 546 recipiens.
1253 482 1446 547 ltaque
1470 480 1542 532 ad
1564 479 1658 533 de·

46 547 237 599 uarios
260 562 429 599 senos
449 547 638 598 vilitas
657 548 847 599 rediit.
917 547 1111 599 Distat
1128 566 1164 600 a
1184 551 1441 615 caeruleo
1462 548 1664 601 cando-

48 622 110 668 re
134 617 383 678 modico,
399 616 491 682 qui
505 617 839 668 teneriorem
857 614 1001 668 hunc
1015 616 1184 668 efficit
1206 619 1468 669 colorem.
1492 619 1664 668 Usum

52 687 109 737 ia
131 685 419 738 medicina
439 684 508 736 ad
528 685 678 752 pilos
702 691 921 737 tantum
940 686 1174 747 alendos
1197 686 1381 751 habet,
1397 687 1661 739 maxime·
1726 721 1735 730 ·

53 756 235 823 quein
260 756 564 822 palpebris.
922 784 928 795 ·
1668 764 1673 768 ·

120 824 334 876 XXIX.
371 824 513 876 Sunt
532 825 836 876 etiamnum
862 825 1067 876 novitii
1090 825 1200 876 duo
1222 826 1467 888 colores,
1500 830 1560 878 et
1580 825 1661 877 vi-

55 894 289 946 lissimie
333 893 519 945 viride
541 893 690 960 quod
715 897 1023 961 Appianum
1043 901 1308 956 vocatur,
1350 903 1408 947 et
1429 893 1661 961 chryso·

57 963 258 1016 collam
306 964 589 1025 mentitur,
632 976 731 1015 ceu
773 978 965 1029 parum
1006 964 1187 1019 multa
1227 964 1336 1016 sint
1374 965 1664 1017 mendacia

56 1033 196 1084 eius.
264 1032 360 1084 Fit
379 1039 435 1085 et
457 1047 526 1086 ex
550 1038 704 1084 creta
724 1034 908 1105 viridi,
929 1036 1285 1086 aestimatum
1301 1035 1581 1087 sestertiis
1602 1036 1664 1086 ia

10 1116 13 1135 *
59 1103 246 1155 libras.
268 1110 269 1115 ’
1621 1116 1626 1123 ’

104 1172 306 1225 XXX.
340 1171 586 1224 Anulare
616 1170 764 1239 quod
799 1180 1038 1234 vocant,
1081 1171 1373 1225 candidum
1404 1176 1510 1237 est,
1551 1184 1660 1241 quo

62 1241 359 1294 muliebres
394 1244 645 1307 picturae
675 1242 1083 1293 illuminantur.
1153 1240 1249 1293 Fit
1286 1248 1344 1294 et
1381 1245 1562 1307 ipsum
1595 1255 1666 1293 ex

65 1316 231 1375 creta,
269 1309 539 1361 admixtis
560 1312 756 1365 vitreis
778 1312 1015 1378 gemmis
1035 1323 1107 1362 ex
1125 1310 1216 1379 *jul
1223 1311 1282 1378 gi
1299 1311 1497 1373 anulis,
1517 1309 1667 1362 undo

10 1390 13 1411 ³
67 1386 123 1433 et
136 1376 622 1433 fflare‘dictum.

129 1448 335 1502 XXXI.
400 1450 483 1500 Ex
529 1449 781 1501 omnibus
825 1447 1109 1500 coloribus
1153 1447 1418 1500 cretulam
1460 1448 1665 1512 amant,

64 1517 282 1587 udoque
304 1518 455 1571 illini
476 1525 755 1580 recusant,
803 1519 1206 1585 purpurissum,
1236 1518 1503 1582 Indicum,
1542 1534 1666 1575 cao-

12 1628 13 1633 1
64 1589 302 1650 ruleum,
321 1587 610 1650 Melinum,
634 1588 1462 1655 auripigmentum‚Appianuin‚
1481 1602 1664 1641 cerus·

12 1682 13 1685 ¹
64 1673 143 1711 sa.
214 1660 392 1710 Cerae
415 1659 705 1725 tinguntur
734 1658 932 1709 iisdem
959 1658 1241 1710 coloribus
1263 1658 1333 1708 ad
1371 1673 1465 1710 eas
1489 1660 1665 1724 pictu·

66 1740 170 1789 ras,
214 1738 359 1793 quae
396 1729 708 1789 inuruntur,
753 1726 939 1778 alieno
964 1728 1268 1796 parietibus
1290 1742 1516 1793 genere,
1562 1725 1666 1779 sed

67 1796 336 1849 elassibus
355 1795 638 1856 familiari,
684 1796 795 1847 iam
826 1812 960 1848 vero
1005 1804 1066 1847 et
1089 1798 1372 1850 onerariis
1392 1796 1666 1855 navibust

66 1868 320 1934 qdoniam
343 1871 401 1916 et
422 1865 669 1933 pericula
700 1866 1050 1932 expingimus
1068 1901 1085 1926 ,
1125 1882 1195 1918 ne
1216 1868 1338 1933 quis
1358 1866 1590 1933 miretur
1611 1871 1668 1916 ct

66 1949 229 2004 rogos
252 1934 428 2001 pingi.
502 1936 762 2000 iuvatque
786 1939 1131 2000 pugnaturos
1154 1935 1224 1986 ad
1251 1940 1484 1986 mortem
1510 1971 1527 1995 ,
1568 1940 1670 1985 aut

67 2012 212 2059 terte
245 2003 499 2064 caedem,
540 2003 792 2069 speciose
821 2002 966 2054 vehi.
1040 2005 1165 2066 Qua
1193 2002 1667 2067 contemplatione

64 2079 147 2125 tot
180 2074 441 2127 colorum
473 2078 635 2124 tanta
665 2071 940 2124 varietate
973 2072 1126 2123 subit
1147 2073 1539 2138 antiquitatem
1568 2072 1669 2122 mi·

63 2157 190 2197 ran.
586 2172 593 2177 -
728 2182 741 2190 ,
780 2194 784 2198 .

122 2210 366 2267 xxxn.
403 2212 661 2274 Quatuor
703 2207 988 2262 coloribus
1022 2208 1158 2262 solis
1187 2207 1526 2260 immortalia
1565 2209 1672 2262 illa

66 2294 229 2351 spera
253 2280 482 2333 secere:
523 2295 591 2334 ex
613 2279 755 2334 albis
774 2278 1011 2340 Melino,
1034 2292 1100 2329 ex
1125 2278 1347 2331 silaceis
1372 2278 1579 2342 Attico,
1598 2293 1671 2331 ex

62 2352 241 2404 rubris
265 2349 539 2418 Sinopide
562 2348 812 2409 Pontica,
854 2362 924 2399 ex
945 2348 1121 2414 nigris
1144 2354 1472 2409 atramento,
1510 2348 1673 2415 Apel·
1705 2408 1714 2415 ,

63 2419 163 2485 les,
180 2418 423 2481 Echion,
447 2417 811 2480 Melanthius,
844 2416 1235 2479 Nicomachus,
1276 2416 1572 2469 clarissimi
1577 2416 1671 2495 pi·
1747 2470 1756 2481 N

68 2495 247 2545 atores
271 2523 290 2551 ‚
329 2503 456 2539 cum
481 2488 711 2541 tabulae
734 2500 926 2539 eorum
950 2487 1204 2553 singulae
1226 2486 1552 2553 oppidorum
1574 2498 1669 2536 ve-

68 2557 245 2627 nirent
268 2558 489 2623 opibus.
538 2557 699 2607 Nunc
721 2562 780 2608 et
802 2555 1063 2621 purpuris
1084 2555 1138 2606 in
1163 2559 1405 2622 parietes
1425 2555 1670 2619 migran-

68 2627 211 2680 tibus
234 2654 262 2690 ,ι
300 2634 360 2680 ct
380 2626 541 2679 India
563 2624 884 2677 conferente
912 2621 1193 2675 fluminum
1216 2637 1441 2675 suorum
1460 2621 1673 2677 limum,

70 2703 124 2748 ct
141 2697 454 2750 draconum
476 2702 535 2748 et
570 2694 993 2761 elephantorum
1022 2695 1254 2760 saniem,
1294 2690 1451 2741 nulla
1469 2683 1673 2738 nobilis
