2017 3034
244 128 249 131 *
296 130 613 223 NATUR.
650 133 872 188 Hls'r.
922 134 1009 189 Ll
1028 136 1091 188 B.
1133 132 1385 191 XXXV.
1429 135 1516 192 36.
1567 186 1574 197 ,
1639 137 1709 193 23

108 238 383 291 invitatus
405 243 572 300 esset,
614 243 836 304 arrepto
880 237 1121 290 carbone
1152 241 1425 293 exstincto
1448 258 1478 294 e
1499 241 1707 305 foculo,

32 344 35 375 k
112 308 418 375 imaginem
442 310 497 377 iq
520 308 733 373 pariete
756 307 1088 370 delineavit,
1139 316 1472 373 agnoscente
1489 313 1702 364 vultum
1763 334 1768 340 ·

32 384 35 443 ζ
108 376 269 443 plani
289 391 440 445 rege,
458 390 529 431 ex
549 373 815 426 inchoato
838 376 1108 440 protinus.
1155 377 1344 428 Pinxit
1367 385 1423 430 et
1442 378 1706 449 Antigoni

90 446 260 513 ‘regis
279 445 576 514 imaginem
602 444 782 496 altero
805 444 1014 495 lumine
1036 445 1244 506 orbam,
1265 446 1471 512 primus
1488 451 1707 516 excogi-

107 520 232 567 tata
257 515 484 566 ratione
504 512 646 564 vitia
667 511 968 564 condendi:
990 513 1271 580 obliquam
1294 529 1529 581 namque
1551 518 1706 579 fecit,

74 604 81 609 ·
107 589 173 635 ut
194 584 348 651 quod
372 581 596 648 corpori
618 580 830 643 deerat,
862 581 1114 648 picturae
1135 583 1321 648 potius
1344 585 1537 637 deesse
1558 586 1708 639 vide·
1733 602 1748 617 '

108 657 296 719 retur:
316 656 642 717 tantumque
663 665 780 702 eam
807 657 1021 716 partem
1047 666 1078 703 e
1099 650 1242 703 facie
1265 652 1527 715 ostendit,
1545 669 1707 722 quam

109 726 305 773 totam'
334 727 555 787 poterat
583 719 892 772 ostendere.
968 719 1109 771 Sunt
1148 722 1294 772 inter
1315 736 1490 788 opera
1512 726 1628 775 eius
1652 730 1710 783 et
1775 750 1782 757 ·

114 790 515 857 exspirantium
554 788 847 857 imagines?
931 789 1088 852 Quae
1127 794 1324 847 ,autem
1345 791 1713 859 ‘nobilissima

109 858 244 921 sint,
269 873 380 910 non
403 865 489 911 est
510 857 680 910 facile
699 857 865 909 dictu.
1273 888 1282 893 -

180 928 269 981 15.
306 927 577 980 Venerem
600 933 895 981 exeuntem
918 942 950 979 e
972 926 1115 979 mari
1133 925 1312 980 Divus
1331 929 1607 997 Augustus
1631 929 1709 982 di·

114 999 264 1049 cavit
286 999 341 1048 in
367 996 597 1049 delubro
621 997 799 1065 patris
823 997 1076 1049 Caesaris
1092 1032 1108 1059 ,
1153 1011 1292 1064 quae
1311 999 1708 1066 Anadyomene

113 1074 367 1130 vocatur,
399 1068 649 1118 versibus
673 1064 900 1119 Graecis
923 1066 1023 1117 tali
1048 1080 1234 1131 opere,
1278 1067 1404 1118 dum
1426 1067 1707 1130 laudatur,

112 1136 286 1199 victo,
313 1135 411 1188 sed
432 1136 732 1188 illustrato.
802 1136 988 1186 Huius
1003 1134 1329 1187 inferiorem
1352 1143 1566 1203 partem
1588 1153 1709 1191 cor-

114 1208 334 1271 ruptam
380 1208 471 1271 qui
510 1205 782 1269 reficeret,
819 1220 931 1256 non
962 1204 1150 1270 potuit
1168 1206 1423 1271 reperiri.
1496 1205 1707 1259 Verum

58 1282 63 1291 ⁴
116 1272 238 1340 ipsa
276 1274 484 1326 iniuria
523 1275 687 1329 cessit
720 1270 777 1326 in
812 1273 1048 1340 gloriam
1088 1275 1335 1325 artificis.
1407 1275 1711 1327 Cons'enuit

118 1339 255 1395 haec
280 1343 474 1395 tabula
495 1346 644 1395 carie
665 1361 678 1393 ι
703 1343 983 1409 aliamque
1003 1356 1112 1409 pro¹
1134 1357 1202 1393 ea
1221 1342 1371 1409 Nero
1394 1343 1708 1408 principatu

120 1411 413 1463 substituit
450 1427 571 1476 suo,
613 1411 893 1465 Dorothei
915 1425 1100 1461 manu.
1171 1410 1395 1476 Apelles
1415 1409 1726 1481 inchoave-⁴

118 1487 204 1532 rat
226 1481 394 1532 aliam
416 1479 691 1534 Venerem
717 1481 865 1543 Cois,
887 1484 1248 1546 superaturus
1272 1480 1439 1531 etiam
1465 1494 1622 1532 suam
1643 1480 1709 1532 il-

116 1549 223 1602 lam
265 1550 526 1616 priorem.
597 1551 802 1602 Invidit
839 1563 991 1601 mors
1014 1554 1245 1615 peracta
1264 1556 1450 1615 parte:
1493 1565 1594 1602 nec
1613 1551 1708 1616 qui

115 1616 435 1671 succederet
458 1620 614 1685 operi
629 1618 698 1670 ad
725 1620 1069 1685 praescripta
1088 1619 1431 1670 lineamenta
1453 1619 1706 1671 inventus

117 1693 215 1740 est.
285 1686 477 1737 Pinxit
501 1693 556 1739 et
576 1687 952 1739 Alexandrum
971 1685 1258 1754 Magnum,
1283 1685 1493 1737 fulmen
1519 1692 1709 1741 tenen·

114 1764 247 1818 tem,
270 1755 328 1806 in
349 1755 558 1822 templo
574 1754 848 1821 Ephesiae
869 1755 1316 1822 Dianae‚viginti
1340 1756 1585 1808 talentis.
1608 1756 1708 1808 Di·

150 1825 215 1876 iti
239 1824 484 1881 eminere
503 1823 779 1886 videntur,
802 1828 867 1875 et
880 1821 1089 1874 fulmen
1113 1832 1272 1876 extra
1289 1824 1540 1876 tabulam
1563 1839 1705 1878 esse.

111 1840 394 1961 {egentes
434 1892 799 1954 meminerint,
840 1893 1027 1943 omnia
1059 1907 1127 1944 ea
1162 1899 1403 1959 quatuor
1424 1894 1706 1945 coloribus
1765 1890 1782 1895 “

111 1961 282 2014 facta.
351 1961 608 2013 Tabulae
649 1961 892 2028 pretium
929 1963 1142 2029 accepit
1172 1976 1390 2024 aureos,
1429 1976 1705 2024 mensura,

66 2080 73 2089 ,
110 2045 219 2083 non
240 2044 493 2082 numero·

126 2120 133 2127 ·
176 2098 267 2153 16.
302 2098 496 2151 Pinxit
525 2105 583 2153 et
614 2097 919 2167 Megabyzi
954 2097 1266 2150 sacerdotis
1287 2096 1506 2151 Dianae
1523 2094 1707 2163 Ephe·

110 2171 228 2222 siae
248 2183 536 2236 pompam:
581 2170 781 2220 Clitum
819 2182 963 2234 equo
998 2166 1070 2219 ad
1091 2167 1298 2219 bellum
1324 2165 1705 2219 festinantem:

108 2239 328 2359 fleam
355 2238 603 2304 poscenti
645 2238 982 2305 armigerum
1009 2235 1402 2302 porrigentem.
1472 2237 1704 2289 Alexan-

152 2323 269 2361 rum
296 2313 354 2366 et
376 2306 688 2375 Philippum
728 2305 947 2373 quoties
982 2306 1246 2372 pinxerit,
1281 2313 1602 2358 enu‘merare
1623 2321 1708 2357 su-

146 2430 151 2435 ,
177 2390 443 2428 rvacuum
471 2384 573 2433 est.
642 2376 923 2431 Mirantur
946 2374 1065 2426 eius
1087 2374 1403 2427 Habronem
1430 2373 1621 2435 Samii,
1650 2379 1709 2426 et

180 2444 487 2498 euandrum
515 2459 702 2512 regem
727 2443 926 2497 Cariae
950 2440 1172 2494 Rhodii.
1243 2443 1703 2496 ItemAncaeumc

116 2513 483 2573 Alexandriae
504 2513 950 2582 Gorgosthenem
973 2511 1338 2579 tragoedum:
1376 2513 1585 2563 Romae
1608 2512 1704 2560 Ca·

118 2587 324 2643 starem
350 2589 409 2634 et
428 2580 735 2644 Pollucem,
758 2594 880 2633 cum
904 2579 1160 2631 Victoria
1182 2586 1239 2631 et
1257 2579 1572 2631 Alexandro
1590 2576 1707 2625 Ma·
1777 2644 1780 2647 Δ
1835 2634 1838 2637 Α

120 2665 250 2719 μοι
290 2652 429 2704 item
447 2651 585 2705 belli
603 2651 925 2717 imaginem,
957 2648 1236 2702 restrictis
1257 2646 1327 2698 ad
1347 2652 1510 2711 terga
1532 2642 1707 2693 mani-
