2017 3034
160 182 324 239 ΝΑΤ.
352 181 548 238 ms'r.
577 179 1103 239 L113.xxxv1.⁷o.
1137 172 1411 261 {xxxva
1438 180 1542 236 1-3.
1613 164 1706 237 97‘

95 284 615 343 tantum‘admiratio
638 284 774 339 haee
793 288 1086 350 exarserit,
1107 285 1345 338 diximus
1368 287 1683 353 quadamte-

95 373 196 418 nus
237 358 293 408 in
332 357 612 408 mentione
646 356 769 408 auri
803 358 1222 423 anulorumque.
1291 354 1535 407 Fabulae
1578 354 1684 422 pri·

94 427 364 478 moi-dium
402 440 436 475 a
465 439 603 491 rupe
627 427 907 481 Caucasea
942 426 1195 478 tradunt:
1233 423 1545 475 Promethei
1565 429 1683 476 vin-

104 496 346 546 culorum
367 495 831 561 interpretatione
854 495 1042 549 fatali:
1079 495 1426 562 primumque
1448 494 1567 542 saxi
1590 492 1686 543 hu·

99 562 182 615 ius
204 562 577 630 fragmentum
601 564 872 615 inclusum
897 564 1067 627 ferro,
1100 579 1166 615 ac
1188 562 1366 629 digito
1389 561 1691 614 circumda-

103 641 233 695 tum,
256 630 361 681 hoc
384 630 558 682 fuisse
583 632 826 694 anulum,
852 641 908 685 et
932 633 1037 684 boc
1059 646 1349 700 gemmam.

166 692 232 751 Π.
271 700 376 750 His
397 700 568 749 initiis
582 700 765 765 coepit
784 702 1106 762 auctoritas,
1128 701 1188 753 in
1201 705 1422 751 tantum
1448 714 1691 753 amorem

105 767 267 828 elata,
309 776 373 817 ut
392 766 679 833 Polycrati
711 768 897 820 Samio
938 784 1130 821 severo
1153 769 1458 820 insularum
1482 783 1547 819 ac
1572 770 1696 822 lito·
1725 826 1746 836 ἱ

103 851 217 899 rum
238 844 500 902 tyranno,
543 836 828 887 felicitatis
851 852 1004 899 suae,
1047 853 1206 904 quam
1234 840 1455 889 nimiam
1484 837 1694 890 fateba-

100 908 193 957 tur
214 906 381 957 etiam
407 906 543 968 ipse,
586 905 722 975 satis
753 907 1027 971 piamenti
1050 907 1109 973 in,
1137 907 1298 957 unius
1332 922 1582 974 gemmae
1604 925 1697 965 vo-

103 974 342 1025 luntario
367 973 566 1023 damno
589 974 876 1026 rideretur
895 1011 910 1037 ,
950 976 998 1026 si
1022 991 1143 1027 cum
1169 976 1427 1027 fortunae
1450 978 1697 1029 volubili-

104 1049 216 1094 tate
237 1046 400 1111 paria
421 1041 650 1097 faceret:
707 1043 1068 1110 planequeab
1107 1045 1316 1096 invidia
1337 1045 1456 1096 eius
1479 1047 1700 1105 abund.

105 1127 161 1163 se
183 1112 384 1163 redimi
407 1116 630 1177 putaret
653 1146 669 1174 ,
708 1113 758 1162 si
780 1110 882 1164 hoc
904 1129 1071 1166 unum
1096 1115 1383 1181 doluisset.
1456 1115 1695 1177 Assiduo

73 1214 81 1219 -
104 1192 228 1248 ergo
251 1179 457 1248 gaudio
479 1180 678 1243 lassus,
710 1189 1003 1248 provectus
1032 1183 1249 1250 navigio
1272 1183 1328 1232 in
1353 1184 1544 1246 altum,
1568 1201 1697 1235 anu·

32 1254 33 1257 ’
86 1249 211 1301 ·lum
232 1249 444 1301 mersit.
512 1249 758 1300 Atilium
784 1251 950 1317 piscis
974 1253 1181 1305 eximia
1203 1251 1581 1317 magnitudine
1602 1268 1687 1303 re-

104 1319 360 1386 ginatuS‚
405 1331 563 1377 escae
604 1318 726 1370 vice
767 1326 1007 1385 raptum,
1047 1325 1111 1369 ut
1153 1320 1362 1371 faceret
1398 1324 1695 1383 ostentum,

30 1442 33 1445 ,
102 1388 158 1439 in
176 1388 418 1439 culinam
456 1384 666 1438 domini
701 1402 891 1439 rursus
924 1386 1206 1439 Fortunae
1239 1385 1560 1437 insidiantis
1584 1403 1695 1439 ma·

101 1472 172 1523 nu
208 1455 473 1508 reddidit.
582 1454 999 1524 Sardonychem
1054 1471 1170 1508 eam
1214 1470 1482 1523 gemmam
1526 1455 1694 1510 fuisse

105 1531 344 1576 constat:
386 1524 793 1591 ostenduntque
814 1527 1050 1588 Romae,
1081 1525 1141 1579 tsi
1162 1525 1455 1589 credimus,
1478 1525 1535 1579 in
1558 1527 1698 1578 Con·

30 1656 33 1661 Ι
105 1595 324 1648 cordiae
359 1592 616 1655 delubro,
655 1609 825 1645 cornu
857 1610 1027 1647 aureo
1062 1594 1301 1664 Augusti
1333 1595 1477 1647 dono
1510 1598 1693 1647 inclu-

30 1664 33 1735 ἱ
101 1678 233 1724 sam,
274 1669 333 1715 et
350 1663 711 1714 novissimum
732 1679 905 1732 prope
926 1665 1131 1730 locum,
1165 1671 1248 1718 tot
1272 1667 1553 1732 praelatis,
1597 1670 1693 1720 ob-

30 1752 33 1755 *
100 1732 384 1785 tinentem.
655 1728 659 1739 '

165 1802 265 1853 111.
302 1800 439 1851 Post
483 1799 630 1854 hunc
671 1804 892 1854 anulum
933 1805 1090 1872 regia
1127 1803 1275 1855 fama
1321 1809 1407 1856 est
1447 1819 1697 1872 gemmae

102 1867 307 1937 Pyrrhi
326 1870 517 1932 illius,
560 1872 653 1936 qui
686 1873 946 1926 adversus
967 1873 1246 1925 Romanos
1277 1874 1480 1925 bellum
1505 1873 1695 1941 gessit.

30 1978 31 1981 η
102 1937 355 2005 Namque
397 1937 937 1992 habuisse-traditur
977 1942 1230 2003 achaten,
1249 1941 1306 1991 in
1344 1956 1454 2007 qua
1499 1956 1695 1992 novem

109 2005 306 2060 Musae
330 2014 390 2058 et
408 2008 603 2085 Agello
628 2008 895 2061 citharam
921 2016 1115 2063 tenens
1147 2014 1545 2075 spectarentur,
1586 2024 1697 2060 non

111 2083 244 2137 arte,
259 2075 359 2127 sed
372 2082 571 2140 sponte
590 2086 816 2129 naturae
829 2080 909 2129 ita
923 2078 1361 2130 discurrentibus
1377 2077 1623 2138 maculis,
1637 2084 1699 2128 ut

105 2142 282 2196 Musis
301 2159 522 2212 quoque
545 2146 777 2214 singulis
791 2163 893 2198 sua
915 2148 1284 2200 redderentur
1304 2146 1558 2212 insignia.
1584 2146 1698 2198 Nec

109 2212 307 2266 deinde
337 2213 471 2276 alia,
512 2229 651 2279 quae
686 2217 956 2278 tradatur,
994 2228 1330 2283 magnopere
1361 2218 1697 2279 gemmarum
1763 2255 1770 2261 ,

109 2281 334 2333 claritas
359 2286 540 2333 exstat
561 2283 703 2349 apud
729 2291 1012 2336 auctorest
1072 2290 1451 2349 praeterquam
1470 2285 1695 2337 lsmeni·

111 2363 195 2400 am
219 2348 560 2410 choi-aulem,
603 2352 792 2402 multis
834 2353 1287 2421 fulgentibusque
1326 2352 1412 2402 uti
1453 2354 1698 2418 solitum,
1777 2344 1782 2350 ’

111 2419 410 2470 eomitante
426 2416 632 2473 ,fabula
657 2421 956 2472 vanitatem
990 2424 1125 2483 eius,
1164 2421 1412 2474 indicato
1427 2423 1489 2480 in
1512 2420 1696 2489 Cypro

112 2500 207 2552 sex
229 2488 420 2539 aureis
441 2487 683 2539 denariis
707 2489 1022 2555 smaragdo,
1069 2491 1125 2540 in
1148 2504 1253 2556 quo
1277 2489 1462 2543 fuerat
1483 2490 1700 2554 sculpta

113 2554 441 2623 Amymone,
465 2555 692 2608 iussisse
715 2560 988 2609 numerari
1005 2576 1026 2611 a
1076 2563 1134 2609 et
1156 2573 1276 2609 cum
1301 2558 1414 2609 duo
1431 2558 1590 2608 relati
1617 2571 1700 2606 es-

114 2632 254 2686 sent,
294 2624 588 2675 imminuto
614 2628 811 2689 pretio,
850 2627 993 2677 male
1028 2625 1277 2679 hercules
1309 2631 1577 2693 curatum,
1621 2622 1698 2672 di·

116 2694 303 2745 xisse:
340 2690 582 2754 multum
618 2694 762 2745 enim
797 2693 1107 2748 detractum
1147 2707 1398 2759 gemmae
1420 2689 1696 2756 dignitati.
1731 2733 1738 2737 .

132 2749 719 2841 'Pniit.Ton.V.e
934 2816 939 2824 ,
1000 2836 1010 2843 η
1101 2759 1185 2819 ,Β
