2017 3034
222 103 228 108 ’
298 128 396 204 58
449 188 456 193 .
689 150 750 200 c.
795 147 1072 215 1³·121-N11
1116 147 1510 200 seculum

327 253 459 304 bile.
531 244 1121 307 Venerem'lavan'tem
1141 265 1298 303 sese:
1333 248 1645 302 Daedalum
1677 252 1929 300 stantem

331 320 662 387 Polycharm
673 336 751 371 us.
823 321 908 371 Ex
930 318 1146 371 honore
1162 324 1395 386 apparet
1426 320 1483 369 in
1512 332 1713 385 magna
1732 327 1930 369 aucto·-

330 391 507 442 ‘ritate
538 387 792 439 habitum
811 387 1026 456 Lysiae
1048 402 1205 453 opus,
1251 387 1397 454 quod
1433 388 1489 437 in
1513 385 1735 441 Palatio
1759 398 1934 452 super

336 458 1016 524 arcum‘D-ivusAugustus
1053 454 1254 513 honori
1276 456 1494 506 Octavii
1530 454 1706 520 patris
1725 455 1821 504 sui
1846 456 1931 505 di-

332 528 499 589 cavit,
518 529 575 576 in
594 526 851 577 aedicula
871 525 1150 588 columnis
1163 526 1455 576 adornata.
1512 524 1574 575 ld
1596 529 1683 581 est
1705 522 1932 588 quadri-

330 611 409 663 ga
423 608 747 661 currusque,
767 603 828 646 et
846 595 1044 660 Apollo
1062 609 1134 645 ac
1150 594 1333 651 Diana
1347 607 1421 645 ex
1452 605 1563 645 uno
1584 591 1792 658 lapide.
1868 593 1932 642 ln

328 665 514 715 hortis
539 663 863 714 Servilianis
882 663 1105 730 reperio
1121 662 1404 723 laudatos,
1436 660 1738 713 Calamidis
1758 660 1932 726 Apol·

270 778 283 783 -
337 734 507 784 linem
545 732 706 783 illius
742 732 1063 795 caelatoris,
1104 730 1421 799 Dercylidis
1443 736 1662 799 pyctas,
1700 728 1931 796 Amphi-

338 802 505 855 strati
524 800 919 854 Callisthenem
938 800 1298 852 historiarum
1317 800 1667 869 scriptorem.
1765 824 1778 831 ν
1805 809 1825 815 “

328 890 331 895 ·
398 868 492 934 11,
529 871 645 923 Nec
663 871 844 921 multo
864 870 1107 937 plurium
1133 868 1286 925 fama
1301 875 1415 929 est,
1453 867 1801 934 quorundam
1820 866 1937 918 cla-

337 939 499 991 ritati
519 939 576 989 in
598 941 858 1007 operibus
880 939 1099 990 eximiis
1116 938 1373 988 obstante
1389 943 1623 989 numero
1637 936 1936 998 artificum,

326 1008 600 1075 quoniam
623 1023 727 1058 nec
744 1022 886 1078 unus
909 1012 1143 1072 occupat
1164 1006 1420 1073 gloriam,
1449 1021 1554 1058 nec
1571 1004 1759 1072 plures
1783 1006 1934 1070 pari·

335 1084 430 1128 ter
450 1076 759 1141 nuncupari
780 1080 1028 1140 possunt,
1044 1075 1194 1126 sicut
1212 1075 1269 1125 in
1292 1076 1633 1134 Laocoonte,
1656 1076 1860 1140 qui-est
1880 1074 1938 1124 in
2011 1098 2017 1111 ι

328 1145 839 1210 “1¹1tilmperatoris
862 1144 1048 1205 domo,
1081 1158 1226 1210 opus
1241 1144 1502 1195 omnibus
1524 1149 1581 1195 et
1600 1144 1857 1209 picturae
1881 1149 1939 1195 et

330 1216 650 1266 statuariae
666 1215 808 1274 artis
828 1211 1296 1280 praeponendum.
1362 1213 1448 1264 Ex
1466 1228 1578 1264 uno
1599 1212 1789 1278 lapide
1809 1227 1939 1263 eum

343 1290 400 1337 et
421 1283 631 1336 liberos
652 1282 1065 1349 draconumque
1093 1281 1388 1333 mirabiles
1418 1279 1593 1334 nexus
1615 1282 1686 1332 de
1706 1281 1939 1332 consilii

340 1353 620 1406 sententia
640 1351 824 1404 fecere
846 1355 1045 1404 summi
1063 1351 1325 1414 artifices,
1347 1350 1671 1418 Agesander
1691 1356 1749 1402 et
1770 1349 1939 1416 Poly·

339 1423 512 1474 dorus
556 1420 615 1473 et
646 1420 1032 1473 Athenodorus
1054 1419 1280 1474 Rhodii.
1307 1444 1317 1450 -
1349 1420 1624 1472 Similiter
1641 1418 1938 1471 Palatinas

339 1493 538 1544 domos
561 1492 858 1541 Caesarum
880 1490 1171 1556 replevere
1191 1488 1596 1557 probatissimis
1612 1490 1790 1557 signis
1806 1490 1941 1540 Gra-

339 1566 497 1613 terus
533 1566 663 1609 cum
702 1555 1046 1625 Pythodoro,
1084 1558 1416 1625 Polydectes
1454 1573 1578 1610 cum
1610 1558 1942 1619 Hermolao,

340 1622 694 1695 ‘pythodorus
718 1627 860 1677 alius
880 1643 1003 1678 cum
1017 1629 1331 1688 Artemone,
1345 1633 1402 1678 et
1412 1626 1710 1694 singularis
1724 1625 1943 1692 Aphro·

341 1696 521 1748 disius
564 1695 897 1756 Trallianus.
987 1699 1263 1763 Agrippae
1301 1695 1606 1747 Pantheum
1644 1695 1945 1747 decoravit

343 1765 628 1832 Diogenes
667 1763 1048 1818 Atheniensis:
1097 1773 1157 1816 et
1196 1767 1524 1832 Caryatides
1560 1766 1623 1815 in
1663 1764 1945 1816 columnis

342 1833 536 1900 templi
560 1835 680 1884 eius
718 1833 1027 1899 probantur
1046 1833 1195 1886 inter
1211 1848 1393 1899 pauca
1409 1847 1635 1899 operum
1650 1850 1667 1882 t
1708 1833 1863 1884 sicut
1886 1834 1948 1884 in

326 1901 572 1969 ‘fastigio
610 1903 800 1967 posita
829 1902 1012 1970 signa,
1050 1903 1152 1954 sed
1187 1908 1419 1969 propter
1433 1901 1797 1954 altitudinem
1819 1901 1950 1954 loci

326 1972 525 2023 'minus
549 1972 847 2023 celebrata.
988 1970 1003 1983 ⁸
1039 2019 1046 2025 .
1081 2028 1094 2041 κ

411 2040 494 2094 12.
532 2038 841 2093 inhonorus
867 2044 968 2100 est,
984 2038 1166 2091 necin
1187 2037 1397 2105 templo
1417 2038 1535 2090 ullo
1548 2038 1847 2100 Hercules,
1874 2038 1949 2091 ad

340 2123 503 2176 quem
523 2107 697 2160 Poeni
735 2108 992 2159 omnibus
1033 2109 1189 2160 annis
1219 2105 1460 2159 humana
1480 2108 1964 2160 sacrificaverunt.

340 2179 582 2239 victima,
612 2174 766 2227 humi
789 2183 963 2238 stans,
984 2183 1117 2229 ante
1136 2175 1348 2228 aditum
1373 2178 1621 2243 porticus
1641 2178 1720 2228 Ad
1747 2176 1952 2228 Natio·

238 2276 243 2279 -
343 2261 462 2297 nes.
494 2245 652 2298 ¹Sitae
671 2244 829 2298 fuere
851 2252 911 2298 et
933 2244 1369 2312 Thespiadesad
1392 2245 1584 2297 aedem
1605 2245 1951 2308 Felicitatis,

344 2329 578 2381 quarum
618 2330 782 2365 unam
821 2315 1103 2366 adamavit
1137 2328 1310 2380 eques
1330 2315 1612 2365 Romanus
1632 2314 1828 2366 lunius
1852 2314 1952 2365 Pi-

343 2382 603 2445 sciculus,
622 2389 688 2434 ut
708 2382 886 2435 tradit
897 2386 1107 2443 Varroz
1130 2382 1435 2434 admiratur
1458 2384 1822 2445 etPasiteles,
1851 2383 1954 2450 qui

351 2457 410 2504 et
435 2451 674 2519 quinque
695 2452 975 2503 volumina
994 2452 1225 2517 scripsit
1243 2452 1515 2507 nobilium
1529 2466 1757 2519 operum
1777 2452 1841 2503 in
1867 2459 1958 2504 to-

343 2528 406 2572 to
430 2523 581 2573 orbe.
655 2522 707 2573 N
711 2527 835 2571 atus
856 2518 944 2571 hic
964 2521 1022 2570 in
1044 2516 1285 2572 Grae‘cia
1303 2521 1503 2573 ltaliae
1518 2536 1640 2583 ora,
1663 2528 1720 2573 et
1739 2521 1952 2575 civita-

346 2594 405 2641 te
423 2589 674 2640 Romana
695 2588 933 2638 donatus
957 2604 1080 2640 cum
1099 2590 1173 2641 iis
1193 2590 1434 2657 oppidis,
1450 2593 1635 2642 lovem
1659 2589 1801 2657 fecit
1814 2591 1956 2642 ebo-

342 2670 517 2710 reum·
532 2655 829 2715 iu‘Metelli
850 2656 1007 2721 aede,
1032 2673 1141 2724 qua
1158 2659 1396 2725 Campus
1419 2662 1649 2726 petitur.
1719 2659 1957 2712 Accidit
