2017 3034
183 157 495 213 NATUR.
536 160 764 213 1118'r.
806 160 973 214 Llss.
1023 160 1303 223 xxxvm
1336 162 1540 217 68-73.
1598 157 1713 218 ⁴139

110 256 243 315 iem
266 277 302 313 a
330 262 595 315 membris
625 278 918 330 corporum
955 262 1161 317 habent
1199 267 1457 316 nominat
1498 264 1708 334 hepati·

112 331 188 382 tis
212 346 253 382 a
269 331 516 384 iocinere
539 349 552 380 ε
606 334 852 383 steatitis
876 334 1225 399 singulorum
1245 335 1563 386 animalium
1586 338 1707 388 adi-

109 412 181 467 pe
219 414 532 452 numerosa.
572 400 1041 468 Adadunephros,
1064 403 1307 454 eiusdem
1332 403 1525 459 oculus
1548 421 1613 456 ac
1633 408 1711 459 di-

108 471 271 537 gitus
293 469 411 520 dei:
430 475 492 522 et
513 469 604 520 hic
625 470 832 551 colitur
853 487 887 521 a
903 469 1080 538 Syris.
1107 470 1565 537 Triophthalmos
1590 489 1713 526 cum

71 576 93 583 ..
111 535 333 605 onyche
347 539 729 605 nascitur2tres
743 539 986 591 hominis
1000 541 1194 592 oculos
1206 541 1370 592 simul
1383 543 1711 608 exprimens,

48 607 55 611 “
178 607 412 660 Lxxu.
449 607 531 660 Ab
552 607 887 660 animalibus
909 611 1397 678 cognominantur.
1443 612 1713 663 carcinias

110 677 319 728 marini
340 679 521 728 cancri
543 678 749 739 colore,
784 677 977 729 echitis
1000 679 1244 745 viperae,
1286 681 1545 745 scorpitis
1566 694 1714 732 scor-

106 746 292 813 pionis
332 752 431 797 aut
473 744 681 809 colore,‘
723 752 819 817 aut
840 746 1039 814 effigie,
1082 747 1305 799 scaritis
1343 751 1489 800 scari
1531 752 1714 814 piscis,

109 815 346 882 triglitis
367 817 543 879 mulli,
586 814 1048 882 aegophthalmos
1071 818 1299 883 caprino
1321 819 1483 869 oculo
1506 835 1518 867 ε
1578 821 1712 868 item

111 885 231 937 alia
252 883 424 936 suillo
449 902 462 936 =
508 890 567 937 et
589 900 623 936 a
644 885 795 951 gruis
818 885 965 945 collo
987 887 1281 952 geranitis‚
1323 884 1601 938 hieracitis
1627 903 1716 938 ac-

111 953 356 1019 cipitris.
427 954 632 1007 Aetitis
657 971 692 1006 a
715 954 904 1006 colore
928 956 1149 1020 aquilae
1171 954 1497 1007 candicante
1519 955 1711 1007 cauda.

108 1023 469 1089 Myrmecitis
502 1025 747 1074 innatam
777 1025 1023 1088 repentis
1058 1023 1325 1076 formicae
1361 1025 1596 1092 effigiem
1618 1023 1715 1075 ha-

109 1093 223 1153 bet,
248 1092 673 1143 scarabaeorum
697 1090 1031 1144 cantharias.
1089 1092 1557 1160 Lycoph‘thalmos
1585 1109 1713 1146 ona·

109 1166 249 1213 tuor
289 1165 376 1212 est
419 1161 686 1221 colorum,
724 1173 795 1210 ex
827 1160 1007 1210 >rutilo
1052 1163 1358 1225 sanguinea
1380 1181 1393 1212 ε
1434 1164 1492 1213 in
1531 1162 1709 1213 medio
1733 1198 1742 1203 -

108 1230 332 1296 Qrum
355 1229 590 1281 candido
616 1228 880 1295 cingitur,
915 1234 975 1278 ut
999 1228 1257 1293 luporum
1285 1231 1454 1293 oculi,
1478 1231 1592 1281 illis
1615 1245 1713 1296 per
1787 1236 1794 1239 “

110 1298 299 1349 emnia
319 1299 538 1350 similis.
610 1300 762 1350 Taos
787 1299 987 1362 pavoni
1009 1304 1097 1347 est
1119 1296 1333 1362 similis,
1354 1298 1488 1350 item
1513 1298 1713 1364 aspidi,
1755 1353 1762 1360 ,

111 1381 273 1434 quam
297 1367 486 1418 vocari
514 1366 883 1427 chelidoniam
902 1366 1142 1417 invenio.

178 1435 437 1489 Lxxnl.
474 1437 777 1488 Arenarum
811 1434 1123 1487 similitudo
1145 1436 1304 1487 estin
1327 1434 1713 1504 hammochry-

112 1519 194 1568 so,
232 1506 390 1557 velut
408 1519 546 1558 auro
584 1506 770 1558 arenis
802 1506 996 1557 mixto.
1069 1504 1378 1558 cenchritis
1413 1505 1554 1556 milii
1583 1520 1713 1573 gra·

111 1575 198 1626 nis
220 1574 378 1627 velut
398 1575 628 1642 sparsis.
698 1575 920 1642 Dryitis
944 1580 974 1625 e
1001 1575 1212 1627 truncis
1236 1568 1496 1627 arborum
1520 1592 1534 1625 ι
1575 1573 1714 1627 haec

114 1638 169 1696 et
187 1643 336 1710 ligni
378 1645 543 1696 modo
587 1644 764 1696 ardet.
836 1644 1058 1696 cissitis
1099 1645 1161 1695 in
1202 1642 1437 1695 candido
1462 1645 1712 1709 perlucet

113 1712 315 1765 ederae
337 1713 511 1776 foliis,
555 1727 694 1780 quae
720 1718 895 1764 totam
922 1717 1132 1765 tenent.
1201 1712 1531 1766 Narcissitis
1551 1713 1711 1765 venis

112 1788 167 1833 ct
188 1782 364 1835 odore
387 1784 670 1835 distincta.
741 1781 985 1847 Cyamea
1006 1784 1166 1850 nigra
1187 1789 1289 1844 est,
1315 1782 1411 1833 sed
1435 1780 1619 1833 fracta
1640 1795 1711 1835 ex

111 1866 168 1904 se
191 1850 360 1903 fabae
392 1851 815 1903 similitudinem
849 1851 1012 1916 parit.
1082 1852 1268 1918 Pyren
1306 1850 1376 1901 ab
1406 1851 1707 1902 olivae'nu-

111 1920 226 1974 cleo
252 1920 410 1972 dicta
430 1927 517 1973 est
541 1938 553 1971 ε
586 1919 714 1971 huic
732 1919 1035 1986 aliquando
1056 1922 1235 1971 inesse
1260 1920 1493 1985 piscium
1518 1920 1711 1986 spinas

109 1989 395 2041 videntur.
467 1989 763 2043 chalazias
800 1987 1132 2056 grandinum
1171 1994 1228 2039 et
1260 1986 1553 2038 candorem
1576 1993 1633 2038 et
1651 1988 1713 2038 fi-

106 2073 302 2124 guram
348 2057 536 2121 hahet,
579 2052 967 2111 adamantinae
1009 2057 1268 2109 duritiae.
1340 2055 1586 2107 Narrant
1624 2061 1706 2105 et-

106 2127 213 2178 iam
238 2130 299 2179 in
334 2128 520 2193 ignem
543 2128 769 2180 additae
791 2140 1015 2179 manere
1050 2140 1207 2176 suum
1233 2123 1427 2190 frigus.
1498 2123 1710 2191 Pyritis

107 2198 268 2265 nigra
287 2196 528 2263 quidem,
544 2196 651 2250 sed
670 2197 867 2248 attritu
889 2196 1096 2263 digitos
1120 2194 1324 2245 adurit.
1393 2192 1711 2260 Polyzonos

108 2265 275 2332 nigra
293 2265 484 2317 multis
505 2267 660 2318 zonis
685 2266 954 2318 candicat.
1028 2265 1316 2331 Astrapiae
1349 2264 1405 2313 in
1428 2263 1588 2328 nigro
1612 2266 1711 2317 aut

107 2349 343 2400 cyaneo,
366 2334 686 2386 discurrunt
705 2351 736 2386 e
760 2333 943 2384 medio
967 2333 1218 2385 fulminis
1239 2333 1401 2384 radii.
1475 2331 1535 2382 ln
1557 2330 1709 2398 phlo-

106 2403 291 2469 gitide
311 2406 464 2455 intus
485 2404 685 2456 ardere
720 2401 1001 2470 quaedam·
1019 2401 1243 2453 videtur
1272 2402 1527 2463 flamma,
1570 2413 1746 2466 quae„
1783 2426 1786 2430 v

10 2526 13 2543 Ι
106 2486 215 2523 non
236 2479 429 2524 exeat.
497 2472 558 2523 ln
585 2471 957 2525 anthracitide
978 2470 1257 2529 scintillae
1280 2471 1591 2522 discurrere
1613 2468 1714 2518 ali·

110 2540 333 2606 quando
380 2541 657 2593 videntur.
751 2538 1052 2606 Euhydros
1094 2553 1310 2604 semper
1344 2535 1713 2590 rotunditatis

113 2609 430 2672 absolutae,
470 2611 525 2661 in
549 2609 787 2661 candore
802 2615 896 2660 *est
914 2607 1092 2659 laevis
1115 2642 1130 2666 ,
1171 2605 1267 2657 sed
1292 2607 1361 2658 ad
1383 2611 1592 2658 motum
1615 2601 1713 2652 flu-

111 2680 276 2730 ctuat
298 2679 457 2735 intus
479 2680 535 2730 in
559 2693 628 2730 ca
654 2678 828 2730 veluti
860 2678 916 2727 in
950 2675 1068 2726 ovis
1090 2675 1289 2741 liquor.
1359 2669 1714 2738 Polytrichos
