2017 3034
313 155 347 206 4
459 198 462 203 .
667 157 735 221 ,0.
810 153 1083 229 eamn
1154 152 1535 207 sucum„

378 258 472 310 m.
507 257 584 311 Et
604 244 952 326 hoc'quide'm
972 257 1171 310 alienis
1192 257 1290 309 ille
1311 255 1606 324 praestitit.
1663 253 1902 310 suornm

309 343 441 379 vero
481 328 709 394 clypeos
741 329 799 379 in
827 342 989 378 sacro
1023 326 1114 378 vel
1155 326 1378 393 publico
1409 327 1670 393 privatim
1712 326 1905 378 dicare

306 398 518 463 primus
557 397 808 448 instituit
849 401 935 458 (ut
974 396 1223 461 reperio)
1246 386 1453 461 Appius
1478 394 1760 459 Claudius,
1806 397 1906 461 qui
2011 432 2017 435 -

287 465 504 521 ‚consul
530 481 650 516 cum
677 463 1047 527 serviliqfuit
1065 479 1214 515 anno
1233 465 1393 516 Urbis
1418 464 1650 515 CCLlX.
1710 463 1910 514 Posuit

309 534 454 584 enim
478 534 536 584 in
556 532 827 585 Bellonae
850 532 989 584 aede
1025 534 1263 585 maiores
1295 538 1427 593 suos
1450 567 1466 594 ,
1506 531 1826 598 placuitque
1845 534 1910 597 in

309 603 533 653 excelso
556 604 817 668 spectari,
859 608 918 652 et
950 602 1154 653 titulos
1186 601 1454 654 honorum
1479 601 1610 668 legi.
1682 601 1909 651 Decora

306 686 418 732 res,
456 671 647 737 utique
670 674 718 722 si
740 671 1044 723 liberorum
1070 666 1314 736 parvulis
1341 670 1676 737 imaginibus
1693 683 1794 720 ceu
1814 662 1874 737 ni
1899 703 1904 708 -

226 762 230 767 ’
308 739 702 805 dumaliquem
738 740 950 791 sobolis
981 741 1196 805 pariter
1231 739 1524 791 ostendat:
1565 738 1754 804 quales
1777 736 1901 803 cly-

306 822 442 874 peos
463 823 624 859 nemo
645 822 755 859 non
775 808 1024 876 gaudens
1047 807 1347 874 favensque
1366 807 1626 873 adspicit.

374 878 468 929 IV.
511 877 643 928 Post
678 892 803 929 eum
838 878 915 928 M.
938 876 1223 938 Aemilius,
1267 875 1487 942 collega
1516 879 1575 927 in
1606 874 1903 926 consula-tu

302 945 502 1008 Quinti
534 945 767 1007 Lutatii,
805 961 913 997 non
945 947 1005 996 in
1037 944 1287 998 Basilica
1315 945 1481 997 modo
1512 944 1766 1005 Aemilia,
1805 959 1877 999 ve

257 1050 269 1065 ,
288 1029 423 1067 ,rum
446 1022 503 1066 et
526 1015 672 1064 domi
696 1024 828 1067 suae
851 1013 1051 1079 posuit,
1070 1014 1127 1065 id
1154 1028 1369 1080 qnoque
1389 1013 1597 1065 Martio
1620 1011 1876 1079 exemplo

303 1082 488 1134 Scutis
506 1083 670 1145 enim,
711 1083 960 1149 qualibus
982 1082 1127 1148 apud
1151 1083 1377 1134 Troiam
1400 1089 1723 1149 pugnatum,
1764 1095 1869 1132 con
1894 1115 1903 1122 -

267 1176 270 1185 ι
302 1154 626 1203 tinebantur
667 1151 967 1219 imagines:
1009 1152 1155 1206 unde
1196 1158 1253 1203 et
1275 1167 1477 1203 nomen
1499 1152 1739 1202 habuere
1780 1150 1901 1218 cly-

301 1235 565 1287 peorum3
601 1236 711 1270 non
732 1229 793 1271 nt
812 1235 1075 1288 perversa
1094 1221 1590 1272 Grammaticorum
1613 1218 1900 1272 subtilitas

288 1289 499 1351 ⁴voluit,
522 1304 558 1340 a
578 1289 828 1341 cluendo:
901 1289 1078 1356 Origo
1104 1289 1268 1356 plena
1286 1291 1528 1351 virtutis,
1550 1287 1748 1340 faciem
1770 1287 1902 1339 red·

303 1357 364 1408 di
385 1358 443 1407 in
466 1365 624 1408 scuto
649 1359 913 1426 cuiusque
933 1394 949 1420 ,
988 1359 1087 1425 qui
1108 1357 1279 1410 fuerit
1295 1375 1425 1410 usus
1447 1358 1566 1410 illo.
1634 1355 1810 1408 Poeni
1829 1370 1907 1408 ex

306 1440 442 1477 auro
484 1425 807 1480 factitavere
829 1434 886 1480 et
909 1427 1157 1495 clypeos,
1195 1436 1254 1479 et
1274 1429 1560 1493 imagines,
1602 1439 1900 1491 secumque

301 1494 359 1544 in
383 1497 578 1545 castris
601 1496 794 1547 tulere.
891 1498 1062 1548 Certe*
1076 1496 1256 1561 captis
1279 1496 1360 1556 eis
1381 1495 1550 1545 talem
1570 1493 1902 1546 Asdrubalis

192 1618 201 1627 ,
300 1563 794 1627 invenitlvlarcius,
812 1564 1136 1632 Scipionum
1158 1565 1216 1613 in
1239 1563 1513 1629 Hispania
1534 1561 1711 1613 ultor:
1736 1563 1902 1630 isque

303 1631 533 1699 clypeus
555 1648 723 1699 supra
756 1634 906 1685 fores
939 1633 1282 1698 Capitolinae
1311 1632 1464 1682 aedis
1495 1646 1669 1698 usque
1712 1632 1782 1684 ad
1807 1633 1896 1682 in-

303 1700 551 1759 cendium
576 1700 807 1767 primum
835 1702 958 1752 fuit.
1030 1701 1307 1751 Maiorum
1330 1700 1548 1766 quidem
1572 1705 1898 1752 nostrorum

301 1776 463 1819 tanta
485 1772 756 1823 securitas
780 1772 836 1819 in
859 1785 925 1819 ea
947 1784 1010 1819 re
1029 1767 1350 1830 adnotatur,
1374 1776 1436 1820 ut
1456 1767 1522 1819 L.
1544 1768 1778 1831 Manlio,
1820 1769 1892 1830 Q.

301 1835 501 1887 Fulvio
525 1840 677 1890 Coss.
701 1853 845 1887 anuo
872 1837 1035 1887 Urbis
1068 1834 1344 1900 Dbxxv,
1385 1837 1462 1888 Μ.
1484 1838 1727 1888 Aufidius
1748 1844 1898 1888 tute-

302 1905 392 1956 lae
426 1906 690 1973 Capitolii
721 1904 1018 1964 redemtor,
1054 1904 1313 1971 'nocuerit
1341 1912 1547 1971 patres,
1589 1913 1894 1972 argenteos

302 1988 425 2039 esse
450 1975 703 2039 clypeos‚.
732 1973 822 2036 qui
859 1986 957 2036 pro
991 1973 1171 2024 aereis
1208 1988 1307 2040 per
1330 1975 1542 2041 aliquot
1572 1975 1687 2025 iam
1710 1975 1893 2027 lustra

302 2044 738 2111 assignabantur.

373 2110 441 2160 V.
474 2111 559 2161 De
581 2109 825 2173 picturae
844 2108 1025 2158 initiis
1045 2109 1278 2171 incerta,
1317 2111 1684 2164 necinstituti
1703 2111 1891 2178 operis

294 2178 556 2244 quaestio
581 2182 680 2227 est.
754 2178 1015 2243 Aegyptii
1044 2188 1142 2229 sex
1172 2179 1420 2231 millibus
1450 2195 1717 2231 annorum
1740 2180 1893 2247 apud

301 2249 451 2311 ipsos
488 2246 789 2306 inventam,
833 2248 1151 2311 priusquam
1189 2247 1247 2296 in
1271 2246 1558 2299 Graeciam
1602 2253 1890 2310 transiret,

304 2313 595 2376 affirmant,
617 2329 762 2364 vana
782 2314 1217 2380 praedicatione,
1236 2321 1300 2365 ut
1324 2316 1503 2382 palam
1526 2324 1630 2369 est.
1669 2317 1894 2369 Graeci

96 2441 116 2449 ·
190 2412 199 2421 2
299 2387 483 2433 autem
504 2383 599 2433 alii
630 2381 889 2448 Sicyone,
930 2384 1032 2434 alii
1063 2383 1208 2449 apud
1239 2383 1557 2435 Corinthios
1589 2393 1891 2451 repertam,

300 2464 492 2500 omnes
532 2450 728 2500 umbra
768 2449 1001 2502 hominis
1025 2450 1189 2502 lineis
1231 2452 1621 2505 circumducta.
1692 2455 1891 2520 ltaque

284 2517 469 2573 ‚talem
505 2520 732 2585 primam
757 2517 956 2572 fuissez
1016 2520 1311 2572 secundam
1334 2521 1571 2586 singulis
1592 2520 1894 2586 coloribus,

301 2591 361 2645 et
386 2586 881 2641 monochromaton
905 2588 1110 2641 dictam
1130 2624 1147 2650 ‚
1184 2596 1474 2657 postquam
1499 2591 1784 2656 operosior
1800 2591 1891 2642 in·

304 2659 475 2709 unta
504 2662 681 2711 erate.
701 2654 975 2724 duratque
1001 2656 1134 2709 talis
1163 2658 1333 2709 etiam
1365 2673 1526 2709 nunc.
1594 2656 1889 2714 Inventam

266 2852 269 2859 '
280 2854 315 2879 ἡ

1967 2842 1972 2849 ,
1999 2766 2002 2839 4
