2017 3034
180 147 506 201 NATUR..
541 153 761 205 Hls'r.
796 152 958 204 Lm.
999 150 1281 205 xxxvll.
1323 152 1516 208 11.12.
1588 153 1690 208 10⁷

99 267 202 314 ces,
226 252 600 321 incertaeque,
615 271 751 321 quas
773 254 1099 311 adhaesisse
1117 261 1331 309 musteo
1353 273 1462 309 non
1483 264 1570 310 est
1591 242 1720 349 ‹iu-J

100 323 265 384 bium,
289 329 348 373 et
370 325 609 375 inclusas
631 325 1025 377 indurescenti.
1404 362 1414 377 ,

161 388 308 442 Χη-
327 391 547 444 Genera
567 396 684 445 eius
711 395 887 459 plura.
925 392 1176 446 Candida
1198 394 1387 446 odoris
1418 401 1693 460 praestan·

100 458 316 510 tissimi.
368 460 476 513 Sed
499 478 598 514 nec
618 461 720 523 his,
743 478 842 514 nec
862 464 1042 515 cereis
1067 463 1325 528 pretium.
1371 462 1561 513 Fulvis
1583 480 1696 515 ma·

98 528 182 578 ior
204 531 533 597 auctoritas.
596 531 680 582 Ex
702 532 772 581 iis
793 532 1097 582 etiamnum
1125 534 1364 598 anipiior
1383 532 1694 587 tranlucen-

34 642 37 649 .
102 597 270 664 tibus,
303 607 686 667 praeterquam
710 603 756 650 si
781 601 950 651 nimio
973 600 1178 653 ardore
1197 594 1462 668 flagrent}
1501 601 1696 667 imagi·

102 682 333 732 nemque
353 669 574 736 igneam
598 670 798 730 inesse,
828 686 939 721 non
964 670 1166 735 ignem,
1192 670 1391 736 placet.
1467 669 1695 722 Summa

100 735 219 786 laus
239 735 497 788 Falernis
521 755 554 790 a
574 740 689 788 viui
715 739 905 790 colore
929 739 1122 800 dictis,
1152 740 1308 790 moni
1330 740 1549 807 fulgore
1573 754 1693 806 per·
1749 738 1758 747 ’

101 804 322 871 spicuis.
368 805 508 857 Sunt
533 814 589 858 et
613 809 665 858 in
693 808 886 873 quibus
907 808 1123 863 decocti
1147 811 1328 860 mellis
1351 809 1554 861 lenitas
1577 808 1694 874 pla·

102 881 237 926 ceat.
307 875 642 928 Verun1.hoc
663 892 880 944 quoque
904 884 1096 929 notum
1124 879 1239 929 fieri
1261 883 1518 943 oportet,
1557 891 1690 943 quo-

105 957 313 1009 cunque
335 943 524 1005 libeat,
548 947 704 1012 tingi,
726 945 1029 1013 hoedorum
1053 961 1202 1007 sevo,
1224 944 1579 998 etanchusae
1605 961 1691 997 ra·

104 1011 248 1063 dice:
282 1014 487 1079 quippe
512 1014 677 1065 etiam
703 1014 995 1082 conchylio
1020 1015 1355 1067 inficiuntur.
1429 1017 1692 1069 Ceterum
1719 1020 1740 1069 ἑ

103 1082 298 1132 attritu
337 1081 645 1148 digitorum
687 1091 916 1150 accepta
936 1084 1140 1135 caloris
1173 1086 1363 1137 anima
1382 1085 1612 1137 trahunt
1632 1087 1692 1135 in

20 1158 23 1219 „¹
102 1164 161 1201 se
189 1150 376 1216 paleas
397 1168 463 1202 ac
485 1150 628 1204 folia
652 1153 824 1215 arida,
862 1168 1002 1220 quae
1024 1152 1169 1204 levia
1187 1144 1338 1206 subt:
1382 1169 1462 1216 ae,
1486 1160 1549 1205 ut
1573 1168 1689 1204 ma·
1711 1106 1730 1201 Ι

20 1224 23 1261 t
103 1230 234 1286 gues
256 1219 417 1284 lapis,
442 1219 577 1271 ferri
601 1227 847 1272 ramenta
874 1236 1108 1288 quoque.
1167 1222 1418 1273 'Succina
1440 1223 1566 1274 oleo
1589 1208 1720 1291 tid-1

105 1287 222 1339 dita
238 1285 478 1359 flagrant
500 1289 793 1341 dilucidius
819 1291 1154 1355 diutiusque,
1171 1305 1333 1355 quam
1359 1291 1456 1340 lini
1482 1289 1693 1340 medul-

103 1354 173 1407 la.
244 1358 485 1408 'saxatio
509 1358 565 1408 in
589 1359 803 1410 deliciis
828 1365 1021 1418 tanta,
1065 1365 1127 1409 ut
1170 1356 1406 1408 hominis
1440 1359 1693 1423 quamvis

101 1426 526 1496 parraaeffigies,
562 1431 809 1479 vivorum
835 1427 1114 1478 hominum
1135 1427 1550 1497 vigentiumque
1572 1439 1693 1491 pre·

106 1496 182 1544 tia
198 1503 440 1560 superet,
479 1511 701 1562 prorsus
745 1503 807 1547 ut
850 1495 1149 1561 castigatio
1179 1511 1288 1546 una
1309 1511 1415 1553 uon
1439 1498 1512 1545 sit
1536 1494 1693 1545 satis.

14 1618 15 1625 χ
103 1562 162 1613 ln
183 1563 483 1614 Corinthiis
508 1581 603 1615 aes
627 1565 808 1632 placet
832 1581 966 1617 auro
991 1572 1337 1631 argentoque
1360 1563 1610 1622 mixtum,
1634 1563 1692 1613 in

14 1632 17 1731 ἱ
105 1632 850 1769 εἰῖὶ,“.ῗ“ᾱῖ;·ῖ,,.ῖῗ’ὲῆξῖἐζ;.,
865 1632 1691 1768 .²1¹,:212220‘322523353‘22'3‘

865 1739 877 1751 ο
1150 1738 1166 1764 ,
1665 1727 1686 1740 ⁶

14 1788 17 1833 ρ
106 1769 491 1830 cumferuntur,
533 1787 780 1838 gemmae
823 1771 1043 1839 digitis:
1087 1773 1141 1821 in
1173 1772 1427 1822 omnibus
1452 1770 1688 1835 denique

14 1900 15 1903 Ἴ
103 1836 221 1890 aliis
240 1839 396 1892 vitiis
421 1836 726 1892 ostentatio
751 1848 848 1891 aut
869 1856 999 1893 usus
1022 1840 1231 1906 piacet:
1256 1843 1307 1890 in
1332 1840 1566 1890 succinis
1590 1838 1687 1888 de·

14 1930 17 1971 ?
100 1904 347 1961 liciarum
374 1917 586 1962 tantum
611 1909 965 1962 conscientia.
1041 1910 1326 1960 Domitius
1350 1909 1496 1960 Nero
1526 1908 1689 1957 ince-

14 1998 15 2007 ¹
100 1980 230 2030 teris
255 1981 408 2030 vitae
428 1995 562 2030 suae
585 1977 1160 2044 portentis,·capillos
1197 1990 1412 2044 quoque
1435 1973 1686 2039 coniugis

99 2060 225 2099 suae
244 2046 640 2114 Poppaeae'in
664 2047 768 2100 hoc
799 2062 994 2099 nomen
1022 2046 1404 2110 adoptaverat,
1445 2043 1686 2108 quodam

100 2115 259 2167 etiam
283 2119 529 2169 carmine
553 2119 778 2167 succina
800 2114 1149 2183 appellando.
1191 2116 1262 2165 Et
1284 2111 1537 2176 quoniam
1562 2110 1684 2160 nul·

98 2183 160 2234 lis
197 2184 355 2239 vitiis
375 2184 576 2237 desunt
599 2187 845 2251 pretiosa
867 2184 1109 2243 nomina,
1152 2195 1221 2231 ex
1260 2195 1325 2230 eo
1350 2179 1549 2231 tertius
1571 2179 1690 2244 qui·

14 2268 17 2315 ‘2
98 2251 215 2304 dam
237 2251 333 2305 hic
355 2253 511 2304 colos
534 2254 718 2319 coepit
737 2253 919 2318 expeti
947 2267 981 2303 a
1003 2249 1285 2300 matronis.
1325 2230 1469 2299 {Rus
1496 2254 1684 2302 tamen

14 2326 15 2333 ’
98 2321 440 2373 succinorum
480 2322 762 2374 invenitur
799 2321 999 2386 aliquis
1032 2319 1089 2369 in
1115 2316 1411 2369 medicina:
1453 2319 1549 2369 sed
1572 2332 1684 2369 non

99 2388 163 2441 ob
182 2387 289 2443 hoc
311 2390 535 2442 feminis
559 2392 794 2457 piacent.
865 2388 1178 2455 infantibus
1214 2386 1505 2453 adalligari
1530 2402 1684 2439 amu·

99 2456 195 2511 leti
231 2462 457 2512 ratione
536 2460 744 2519 rodest.
816 2459 1171 2510 Callistratus
1205 2463 1261 2509 et
1281 2457 1580 2524 cuicunque
1600 2470 1688 2507 ae·

88 2475 859 2595 mmrffssrfifupffltionea
880 2526 1148 2592 prodesse
1172 2526 1368 2588 tradit,
1414 2531 1470 2578 et
1490 2526 1687 2574 urinae

40 2604 45 2613 “
101 2593 527 2655 difficultatibus
549 2606 770 2663 potum,
812 2596 1302 2662 adalligatumque.
1375 2595 1485 2644 Hie
1507 2596 1563 2642 et
1586 2589 1688 2639 dif-

64 2657 392 2721 ,terentiani
421 2681 621 2718 novam
657 2665 845 2717 attulit
873 2665 1202 2732 appellando
1235 2661 1689 2728 chryselectrum,

1363 2862 1388 2900 Ι
