2017 3034
241 123 557 181 rum-un.
588 122 812 179 msr.
854 122 1023 180 mn.
1053 85 1308 181 xxxvl.
1331 125 1417 180 20.
1437 122 1526 197 21.
1633 126 1702 183 ⁷1

30 266 31 273 κ
108 230 161 282 si
189 227 473 296 quadrata
503 228 658 280 intus
684 227 1068 297 labyrinthum
1094 230 1556 283 inextricabilem:
1598 245 1706 297 quo

107 301 157 351 si
176 300 303 366 quis
321 300 663 364 improperet
682 299 801 350 sine
825 300 1072 366 glomere
1090 298 1208 361 lini,
1229 300 1439 351 exitum
1460 302 1710 353 invenire

104 374 365 436 nequeat.
410 367 589 434 Supra
607 366 665 417 id
689 369 1017 434 quadratum
1040 368 1359 434 pyramides
1379 373 1529 420 stant
1551 369 1707 436 quin·

109 454 231 505 que,
246 442 495 505 quatuor
515 437 570 487 in
596 437 814 504 angulis
828 473 844 499 ,
883 439 944 489 in
963 438 1147 488 medio
1169 451 1306 488 una:
1348 437 1406 487 in
1426 437 1538 489 imo
1558 440 1709 490 latae

107 507 313 573 pedum
338 506 562 572 quinum
584 510 1002 575 septuagenum,
1028 506 1177 558 altae
1198 511 1421 558 centum
1446 506 1714 573 quinqua-

105 574 309 644 genum
330 591 346 627 ε
388 574 475 626 ita
494 573 841 640 fastigatae,
863 577 1001 628 utin
1023 590 1237 626 summo
1261 574 1411 626 orbis
1432 589 1635 627 aeneus
1655 582 1712 628 et

106 649 335 712 petasus
358 657 500 694 unus
523 643 776 695 omnibus
788 645 864 695 sit
882 645 1284 713 impositus‚ex
1307 658 1412 710 quo
1436 638 1715 710 pendeant

26 774 27 777 Ἴ
107 720 316 778 exapta
355 713 572 764 catenis
611 713 982 765 tintinnabula
1002 748 1020 776 ,
1082 728 1226 780 quae
1266 719 1436 766 vento
1477 712 1716 780 agitata,

105 781 276 848 longe
298 780 519 832 sonitus
541 779 811 845 referant,
831 787 893 833 ut
913 781 1187 835 Dodonae
1209 782 1340 833 olim
1366 780 1592 833 factum.
1615 780 1715 834 Su-

105 863 208 916 pra
230 864 396 916 quem
418 849 608 901 orbem
636 857 873 917 quatuor
902 851 1223 918 pyramides
1244 853 1483 917 insuper,
1526 851 1716 919 singu-

109 921 200 972 lae
226 926 457 971 exstant
481 919 630 970 altae
651 919 850 986 pedum
875 923 1188 972 centenum.
1245 917 1426 986 Supra
1445 934 1582 987 quas
1602 932 1713 970 uno

109 988 232 1043 solo
259 988 506 1063 quinque
528 989 851 1055 pyramides
873 1022 890 1052 ,
933 1002 1171 1053 quarum
1202 987 1550 1041 altitudinem
1573 987 1715 1047 ,Var-

109 1071 303 1110 ronem
338 1055 537 1122 puduit
575 1056 834 1109 adiicere.
904 1057 1149 1109 Fabulae
1184 1056 1453 1110 Etruscae
1485 1057 1714 1109 tradunt

112 1125 345 1179 eandem
367 1124 561 1186 fuisse,
584 1140 747 1192 quam
770 1126 944 1176 totius
968 1126 1188 1190 operis:
1227 1125 1365 1179 adeo
1384 1141 1592 1178 vesana
1614 1125 1711 1177 de·
1813 1126 1835 1137 ⁶

22 1200 23 1205 ’
111 1195 320 1246 mentia
343 1194 630 1261 quaesisse
650 1194 888 1262 gloriam
918 1193 1202 1259 impendio
1234 1194 1375 1245 nulli
1396 1193 1712 1260 profuturo.

20 1264 23 1279 ”
113 1263 417 1316 Praeterea
437 1261 710 1330 fatigasse
730 1262 889 1331 regni
907 1264 1077 1326 vires,
1097 1268 1161 1313 ut
1182 1267 1369 1315 tamen
1388 1262 1512 1327 laus
1535 1263 1716 1314 maior

114 1332 349 1387 artificis
368 1338 535 1384 esset.
968 1336 973 1341 ’

20 1464 21 1467 ¹
178 1401 303 1457 XX,-
342 1402 577 1468 Legitur
596 1406 652 1452 et
674 1399 902 1467 pensilis
924 1397 1142 1462 hortus,
1184 1399 1355 1451 immo
1373 1411 1508 1451 vero
1533 1403 1720 1450 totum

112 1470 386 1538 oppidum
408 1471 562 1539 Aegy
606 1472 721 1522 tiae
737 1467 981 1532 Thebae,
1006 1468 1283 1529 exercitus
1323 1474 1568 1521 armatos
1591 1469 1719 1520 sub·

18 1474 35 1603 l
96 1530 204 1605 {er
222 1538 462 1592 educere
482 1538 569 1589 sol
594 1540 669 1590 tis
692 1539 916 1604 regibus
937 1573 953 1600 ,
992 1539 1149 1591 nullo
1175 1537 1574 1605 oppidanorum
1595 1551 1719 1588 sena

64 1632 67 1637 ·
119 1610 313 1660 tiente.
381 1605 850 1660 Etiamnum-hoc
886 1607 1068 1659 minus
1110 1609 1332 1670 mirum,
1357 1622 1523 1676 quam
1566 1604 1718 1675 quod

18 1726 19 1747 ἶ
119 1676 344 1730 flumine
365 1677 607 1729 medium
634 1677 895 1743 oppidum
917 1676 1291 1730 interfluente.
1341 1677 1499 1738 Quae
1519 1676 1568 1726 si
1589 1674 1723 1726 fuis-

18 1754 21 1809 Ι
118 1753 258 1809 sent,
300 1761 416 1798 non
458 1746 687 1798 dubium
730 1751 820 1796 est
856 1745 1163 1798 Homerum
1204 1747 1488 1799 dicturum
1525 1743 1722 1807 fuisse,

18 1820 21 1857 ⁵
118 1828 242 1870 eum
265 1822 489 1868 centum
510 1820 700 1881 portas
722 1814 797 1864 ibi
817 1814 1186 1880 praedicaret.

18 1882 19 1893 ¹
116 1940 129 1947 ,
186 1885 343 1938 XXI.
378 1883 834 1951 magnificentiae
871 1898 1003 1936 vera
1037 1882 1335 1935 admiratio
1368 1887 1554 1935 exstat
1584 1886 1723 1936 tem·

119 1955 273 2023 plum
300 1953 576 2020 Ephesiae
598 1952 814 2004 Dianae
835 1950 1088 2003 ducentis
1109 1951 1308 2019 viginti
1328 1952 1490 2003 annis
1513 1950 1724 2004 factum

18 1976 31 2111 f
122 2040 157 2077 a
193 2030 325 2081 tnta
346 2023 497 2077 Asia.
563 2021 626 2073 ln
668 2020 792 2073 solo
834 2020 893 2071 id
935 2020 1175 2087 palustri
1212 2020 1416 2081 fecere,
1439 2034 1509 2071 ne
1539 2027 1723 2070 terrae

18 2114 21 2131 ·
110 2098 313 2151 ¹mutus
358 2092 612 2154 sentiret,
656 2095 754 2159 aut
792 2087 976 2140 hiatus
999 2089 1241 2145 timeret.
1314 2087 1522 2138 Rursus
1561 2102 1631 2138 ne
1665 2087 1723 2137 in

118 2160 340 2219 lubrico
365 2168 529 2228 atque
553 2158 803 2211 instabili
836 2158 1202 2211 fundamenta
1230 2161 1423 2208 tantae
1454 2155 1622 2207 molis
1644 2155 1727 2207 lo·

90 2266 103 2279 -
125 2239 409 2294 careatur,
452 2230 684 2283 calcatis
713 2244 781 2285 ea
812 2229 1167 2280 substravere
1198 2224 1553 2288 carbonibus,
1595 2224 1723 2277 dein

122 2303 431 2358 velleribus
470 2301 651 2351 lanae.
744 2296 1014 2350 Universo
1056 2295 1267 2362 templo
1305 2294 1597 2362 longitudo
1639 2299 1728 2347 est
1797 2308 1806 2314 ·

128 2367 469 2435 CCCCXXV
490 2367 709 2436 pedum,
732 2366 973 2418 latitudo
993 2364 1356 2418 ducentorum
1378 2363 1601 2432 viginti,
1642 2377 1733 2414 co·

128 2438 356 2494 lamnae
379 2446 594 2493 centum
619 2436 812 2503 viginti
837 2440 1052 2503 septem
1087 2449 1123 2487 a
1147 2433 1381 2501 singulis
1403 2433 1633 2501 regibus
1654 2430 1735 2482 fa-

132 2517 279 2573 ctae,
297 2509 402 2560 LX
422 2507 621 2574 pedum
646 2503 970 2559 altitudine:
1009 2519 1078 2556 ex
1099 2503 1172 2555 iis
1195 2502 1432 2561 XXXVI
1456 2501 1731 2559 caelatae,

132 2594 245 2631 una
274 2595 313 2633 a
343 2577 541 2644 Scopa.
614 2576 784 2640 Operi
816 2571 1058 2639 praefuit
1090 2569 1457 2636 Chersiphron
1497 2565 1732 2646 archite-

108 2654 283 2703 -ctus.
355 2644 582 2702 Summa
611 2643 905 2705 miracula,
949 2640 1220 2709 epistylia
1251 2643 1439 2691 tantae
1461 2633 1628 2693 mohs
1650 2640 1733 2682 at-
