2017 3034
294 105 366 158 72
575 111 633 181 *¹*
702 105 764 158 C.
810 104 1086 159 PLINn
1120 102 1509 158 SECUNDI‘
1639 126 1644 127 ⁷
1795 108 1850 177 ῥ’·

296 209 421 263 tolli
447 209 710 275 potuisse.
779 206 843 274 Id
865 214 1194 261 consecutus
1220 213 1305 260 est
1324 207 1423 259 ille
1445 208 1746 271 aeronibus
1768 210 1880 265 ffe-

298 295 372 337 na
392 278 593 343 plenis,
610 276 766 327 moui
802 277 941 328 clivo
974 293 1141 343 super
1174 264 1361 342 caffita
1394 276 1774 327 columnarum
1793 280 1888 326 ex·

222 368 227 375 ¹
299 353 585 416 aggeratO,
628 345 899 411 paulatim
922 347 1241 397 exinaniens
1262 347 1422 407 imoS,
1444 352 1507 395 ut
1526 347 1728 411 sensim
1752 359 1890 410 opus

298 418 357 469 in
382 415 552 467 cubili
571 417 807 473 sederet.
878 414 1217 466 Difficillime
1240 414 1343 466 hoc
1365 412 1677 481 contigit‘in
1699 413 1893 465 limine

300 489 420 553 ipso
442 519 458 546 ,
496 484 646 551 quod
669 484 882 535 foribus
905 483 1243 550 imponebat.
1316 480 1536 534 Etenim
1564 497 1630 533 ea
1651 485 1895 532 maxima

300 555 483 607 moles
501 553 635 603 fuit:
673 567 774 603 nec
795 553 941 604 sedit
970 554 1030 603 in
1063 553 1253 612 cubili,
1290 552 1453 602 anxio
1476 552 1706 612 artifice,
1750 566 1895 600 mor·

298 625 372 676 tis
394 621 770 674 destinatione
789 636 1061 688 suprema.
1118 620 1479 687 'l'raduntque
1499 621 1558 671 in
1589 634 1657 671 ea
1680 620 1899 686 cogita·

300 695 454 745 tione
494 689 703 743 fessum
763 699 1031 741 nocturno
1075 696 1324 756 tempore
1366 691 1426 740 in
1466 691 1651 757 quiete
1689 687 1899 739 vidisse

297 766 648 828 praesentem
673 758 867 820 Deam,
889 761 977 810 cui
999 758 1262 824 templum
1286 759 1473 818 fiebat,
1498 757 1814 809 hortantem
1839 762 1901 807 ut

272 878 279 879 ff
303 832 542 884 viveret:
583 843 644 880 se
667 828 1041 895 composuisse
1064 828 1331 892 lapidem,
1373 833 1539 892 atque
1560 828 1644 878 ita
1667 834 1898 894 postero

301 898 393 951 die
421 899 702 965 apparuit,
749 904 806 947 et
837 897 1078 961 pondere
1113 901 1232 961 ipso
1268 890 1553 946 coi-rectus
1582 896 1899 946 videbatur.

300 969 500 1019 Cetera
521 967 638 1016 eius
675 966 858 1029 operis
887 973 1217 1015 ornamenta
1247 965 1488 1029 plurium
1512 963 1799 1033 librorum·
1813 964 1897 1013 in-

292 1028 419 1088 ‘star
441 1035 711 1096 obtinent,
733 1032 964 1085 nihil'ad
987 1034 1479 1099 speciemssnaturae
1504 1033 1861 1096 pertinentia.

368 1136 547 1188 XXII.
581 1134 762 1186 Durat
804 1142 861 1187 et
894 1135 1086 1202 Cyzici
1121 1136 1411 1188 delubrum
1435 1172 1451 1198 ‚
1492 1135 1550 1186 in
1592 1149 1704 1200 quo
1746 1135 1901 1186 filum

298 1215 528 1256 aureum
551 1204 926 1255 commissuris
951 1204 1204 1256 omnibus
1230 1205 1395 1271 politi
1430 1204 1634 1271 lapidis
1653 1204 1900 1257 subiecit

297 1273 524 1335 artifex,
565 1273 830 1325 eboreum
852 1273 1038 1323 Iovem
1062 1274 1346 1325 dicaturus
1369 1275 1537 1335 intus,
1581 1278 1898 1338 coronante

298 1358 421 1394 eum
462 1346 777 1395 marmoreo
808 1341 1083 1407 Apolli-ne.
1155 1344 1488 1394 'I'ranslucet
1523 1356 1655 1408 ergo
1683 1343 1901 1407 pictura

296 1410 642 1463 tenuissimis
664 1411 1091 1477 capillamentis,
1132 1411 1360 1480 lenique
1384 1411 1574 1467 afflatu
1596 1411 1901 1463 simulacra

296 1480 600 1540 refovente,
639 1486 862 1545 praeter
884 1481 1165 1547 ingenium
1199 1482 1448 1543 artificis,
1481 1483 1611 1546 ipsa
1630 1481 1898 1543 materia,

295 1549 542 1619 quamvis
566 1546 804 1611 occulta,
828 1550 887 1599 in
907 1550 1089 1617 pretio
1114 1551 1303 1616 operis
1325 1550 1688 1616 intelligitur.

366 1650 569 1721 xxJu.
606 1651 817 1701 Eodem
850 1652 909 1701 in
936 1651 1144 1718 oppido
1186 1658 1274 1707 est
1306 1654 1466 1719 Iapis,
1507 1648 1790 1718 fugitivus
1810 1667 1900 1723 ap·

295 1719 565 1785 peilatus:
603 1721 963 1785 Argonautae
979 1738 1044 1772 eo
1071 1720 1173 1787 pr'o
1194 1737 1400 1773 ancora
1422 1724 1526 1784 usi,
1559 1722 1637 1772 ibi
1659 1723 1899 1786 relique·

294 1792 439 1839 rant.
512 1787 672 1837 Hunc
711 1803 741 1839 e
782 1787 1066 1854 Prytaneo
1109 1792 1216 1854 (ita
1256 1797 1488 1843 vocatur
1507 1791 1688 1855 locus)
1730 1805 1899 1854 saepe

297 1855 595 1924 profugum
614 1855 853 1909 'vinxere
896 1858 1139 1922 plumbo.
1209 1860 1421 1910 Eadem
1461 1861 1522 1911 in
1559 1862 1697 1911 urbe
1736 1860 1900 1911 iuxta

293 1931 531 1993 portam,
575 1940 715 1991 quae
740 1925 985 1976 Trachia
1005 1932 1257 1988 vocatur,
1299 1934 1480 1981 turres
1501 1934 1715 1994 septem
1740 1943 1899 1979 acce-

292 2001 418 2062 ptas
459 2007 630 2045 voces
675 1996 1063 2048 numerosiore
1099 2011 1433 2062 repercussu
1487 1994 1896 2062 multiplicant:

230 2114 245 2135 ‚
295 2070 604 2129 nomenque
627 2062 756 2115 huic
785 2060 1056 2118 miraculo
1075 2063 1230 2117 -Echo
1255 2073 1341 2118 est
1369 2066 1654 2121 a'Graecis
1679 2065 1897 2116 datum.

294 2133 422 2185 Hoc
463 2133 685 2197 quidem
725 2140 925 2191 natura
969 2134 1221 2187 locorum
1252 2136 1451 2196 evenit,
1477 2142 1533 2188 et
1570 2136 1896 2201 plerumque

296 2200 675 2255 convalliumz-
697 2202 776 2253 ibi
809 2218 939 2253 casu
973 2204 1199 2256 accidit.
1265 2202 1562 2272 Olympiae
1593 2209 1784 2255 autem
1810 2218 1894 2254 ar·

293 2277 370 2331 te,
390 2269 633 2330 mirabili
655 2271 838 2333 modo,
861 2271 921 2322 in
943 2273 1179 2339 porticu,
1223 2272 1478 2339 quamob
1501 2274 1558 2324 id
1581 2271 1891 2338 heptapho-

293 2355 403 2390 non
430 2338 728 2402 appellant,
761 2342 1018 2404 quoniam
1040 2342 1250 2407 septies
1276 2342 1468 2393 eadem
1487 2356 1598 2393 vox
1619 2341 1892 2403 redditur,

297 2407 491 2472 Cyzici
511 2411 568 2457 et
588 2406 936 2459 buleuterion
958 2416 1160 2461 vocant
1182 2411 1496 2462 aedificium
1520 2410 1784 2475 amplum,
1814 2411 1888 2458 si-

297 2490 366 2526 ne
389 2473 571 2525 ferreo
596 2473 771 2536 clavo,
808 2477 890 2527 ita
911 2478 1188 2543 disposita
1209 2481 1647 2547 contignatione,
1689 2485 1753 2528 ut
1773 2478 1889 2529 exi·

296 2548 513 2593 mantur
531 2541 717 2593 trabes
756 2543 875 2596 sine
913 2545 1156 2609 fulturis,
1201 2563 1267 2599 ac
1299 2546 1655 2613 reponantur.
1729 2546 1893 2608 quod

297 2613 429 2662 item
450 2611 659 2663 Romae
677 2611 736 2661 in
757 2620 929 2680 ponte
951 2613 1212 2690 Soblieio·
1230 2617 1556 2685 religiosum
1582 2621 1667 2666 est
1687 2650 1706 2676 ,
1746 2621 1891 2680 post-

1655 2822 1687 2836 x
