2017 3034
312 133 416 190 114
504 188 519 195 ,
637 106 653 122 ’
708 135 769 188 c.
826 132 1106 190 PmNu
1148 130 1547 188 ‘sacuam

313 240 535 309 generis
550 237 769 291 existim
777 243 921 300 atur,
933 242 1272 305 vocaturque
1287 231 1712 304 chrysoprasus.
1736 236 1907 298 Quar-

311 317 375 361 to
398 309 524 360 loco
546 306 904 359 numerantur
930 306 1432 374 hyacinthizontes.
1503 304 1733 367 Quinto,
1774 316 1907 370 quos

253 378 262 385 ’
312 377 570 439 nereides
592 381 811 428 vocant.
880 375 1019 431 Post
1038 389 1136 427 eos
1156 380 1342 429 autem
1367 374 1575 427 cerini:
1618 387 1689 425 ac
1709 371 1908 424 deinde

316 446 579 516 oleagini,
618 444 725 498 hoc
748 450 852 509 est,
894 445 1253 505 coloregolei.
1291 463 1294 466 ⁴
1321 443 1601 507 Postremi
1621 439 1905 508 crystallis

313 515 441 568 fere*
452 514 681 581 similes.
754 515 833 565 Hi
854 514 1249 580 capillamenta
1279 510 1487 565 habent
1504 548 1521 575 ,
1568 510 1903 576 sordesque:

314 583 532 650 alioqui
552 582 799 635 evanidi:
823 598 963 649 quae
983 588 1115 655 sunt
1134 583 1380 635 omnium
1403 581 1561 632 vitia.
1623 577 1750 633 Indi
1768 582 1905 633 mire

318 654 561 720 gaudent
601 652 951 719 longitudine
991 666 1211 715 eorum,
1259 650 1524 717 solosque
1565 660 1905 718 gemmarum

317 736 442 774 esse
464 721 803 788 praedicant,
826 722 921 788 qui
940 735 1134 773 carere
1157 734 1292 772 auro
1314 720 1537 770 malint=
1560 719 1631 769 ob
1653 716 1710 768 id
1731 716 1907 783 perfo-

314 800 473 843 ratos
515 788 937 856 elephantorum
969 792 1108 843 setis
1145 790 1407 856 religant.
1476 786 1620 840 Aliis
1656 786 1909 837 convenit

318 872 429 919 non
442 875 474 910 o
516 865 701 911 ortere
723 858 1018 925 perforari,
1039 873 1271 926 quorum
1291 859 1370 909 sit
1389 855 1649 909 absoluta
1666 854 1908 916 bonitas,

316 927 473 978 umbi
500 928 601 979 icis
623 933 841 991 tantum
863 942 933 981 ex
952 927 1288 994 aurocapita
1301 923 1908 994 comprehendentibus.
1965 988 1966 993 ἵ

318 995 454 1048 ldeo
479 996 762 1063 cylindros
787 997 945 1050 exiis
968 997 1155 1049 facere
1177 995 1390 1046 malunt
1407 1029 1425 1057 ‚
1464 1008 1629 1062 quam
1650 1006 1911 1060 gemmas,

322 1068 582 1131 quoniam
624 1072 710 1119 est
746 1078 962 1117 summa
1004 1064 1417 1125 commendatio
1458 1064 1519 1116 in
1548 1061 1907 1127 longitudine.

322 1134 562 1196 Quidam
586 1140 643 1185 et
664 1134 963 1201 angulosos
984 1140 1182 1201 putant
1205 1136 1398 1185 statim
1428 1131 1611 1192 nasci,
1656 1138 1714 1182 et
1731 1130 1911 1197 perfo-

322 1208 476 1254 ratos
511 1203 792 1270 gratiores
835 1204 957 1255 fieri
981 1203 1231 1255 medulla
1253 1198 1510 1253 candoris
1533 1204 1779 1264 exemta,
1812 1198 1908 1250 ad·
2007 1232 2008 1257 i

323 1271 550 1337 ditoque
571 1287 708 1323 auro
733 1286 1075 1336 repercussa,
1106 1275 1202 1320 aut
1226 1271 1452 1321 omnino
1475 1269 1769 1336 castigata,
1791 1282 1914 1337 eau-

319 1354 384 1393 sa
404 1340 838 1406 perspicuitatis,
875 1337 1257 1392 crassitudine.
1329 1337 1513 1399 Vitia,
1555 1343 1780 1405 praeter
1801 1336 1912 1389 iam

159 1440 163 1444 ’
233 1402 267 1429 “
312 1406 1542 1544 fliissss'sssi-ssd2¹3,{eiii'qssi'nasioih‘i-'L'fffflffl
1561 1406 1915 1540 ῗξέξξζῗιῖ

325 1549 528 1595 tantur.
550 1544 671 1611 Inxdi
695 1551 752 1596 et
773 1545 917 1597 alias
940 1545 1161 1612 quidem
1187 1559 1431 1612 gemmas
1457 1532 1783 1612 crystallum
1805 1545 1912 1596 tin·

321 1610 503 1681 gendo
526 1612 844 1666 adulterare
867 1613 1320 1680 repererunt‚sed
1336 1615 1632 1680 praecipue
1646 1612 1918 1680 beryllos.

384 1680 540 1732 XXI.
578 1680 884 1734 Plurimum
908 1683 977 1735 ab
1008 1681 1080 1745 iis
1103 1683 1364 1735 differunt
1386 1683 1565 1750 opali,
1603 1681 1917 1751 smaragdis

174 1809 187 1821 s
319 1755 509 1800 tamen
536 1748 814 1803 cedentes.
856 1752 1016 1809 lndia
1037 1748 1163 1803 sola
1185 1750 1459 1803 ethorum
1484 1758 1570 1803 est
1588 1758 1789 1804 mater.
1819 1753 1916 1803 At-

270 1826 276 1831 ·
323 1831 429 1884 que
469 1818 527 1868 in
560 1819 1081 1883 pretiosissimarum
1113 1835 1454 1891 gemmarum
1479 1821 1915 1888 gloriacompo-

322 1886 436 1948 siti,
477 1888 717 1939 maxime
758 1887 1189 1941 inenarrabilem
1216 1888 1607 1942 difficultatem
1628 1889 1918 1942 dederunt.

214 1954 223 1964 ⁸
320 1956 420 2006 Est
444 1955 665 2006 enimin
687 1957 754 2017 iis
777 1958 1097 2010 carbunculi
1122 1959 1342 2009 tenuior
1361 1958 1524 2023 ignis,
1555 1964 1641 2012 est
1661 1957 1918 2026 amethy-

321 2025 396 2074 sti
438 2023 659 2092 fulgens
697 2040 960 2093 purpura,
1001 2032 1089 2077 est
1113 2029 1406 2092 «smaragdi
1439 2028 1623 2079 virens
1644 2028 1922 2089 mammet

323 2100 517 2144 cuncta
540 2094 749 2162 pariter
768 2093 1082 2146 incredibili
1104 2097 1618 2148 mixturalucentia.
1642 2096 1757 2148 Alii
1771 2100 1920 2147 su'm·

320 2175 410 2213 mo
431 2160 669 2229 fulgoris
692 2167 1010 2230 augment0,
1037 2163 1682 2231 colorespigmentorum
1706 2178 1917 2230 aequa-

320 2244 476 2282 vere:
516 2229 613 2280 alii
654 2231 934 2297 sulphuris
973 2232 1258 2284 ardentem
1296 2232 1591 2295 flammam,
1627 2238 1728 2284 aut
1747 2233 1920 2285 etiam

320 2297 469 2365 ignis
494 2298 617 2349 oleo
640 2301 878 2352 accensi.
925 2300 1260 2366 Magnitudo
1280 2317 1473 2354 nucem
1500 2301 1810 2354 avellanam
1832 2314 1926 2352 ae-

322 2369 475 2483 ἓιιηι,
495 2365 694 2432 insigni
716 2368 857 2434 apud
881 2383 982 2418 nos
1005 2368 1258 2421 historia.
1293 2369 1580 2436 Siquidem
1604 2374 1792 2422 exstat
1815 2368 1919 2420 ho·

254 2460 261 2469 ·
362 2432 522 2498 ieque
558 2432 720 2484 huius
753 2437 974 2505 generis
1003 2448 1238 2503 gemma,
1281 2440 1510 2506 propter
1531 2454 1694 2506 quam
1715 2439 1786 2489 ab
1807 2438 1920 2489 An·

322 2502 491 2561 tenio
503 2503 845 2570 proscriptus
866 2505 1084 2563 Nonius
1104 2512 1331 2560 senator
1352 2513 1456 2569 est,
1492 2508 1639 2558 filius
1663 2506 1926 2561 Strumae

324 2569 499 2622 Nonii
519 2573 654 2631 eius,
678 2585 837 2640 quem
860 2571 927 2632 Q.-
944 2575 1189 2626 Catullus
1210 2584 1376 2641 poeta
1392 2578 1448 2626 in
1473 2576 1617 2628 sella
1639 2573 1823 2628 curuli
1846 2574 1927 2624 vi·

326 2652 450 2692 sum
482 2637 717 2706 indigne
744 2641 895 2704 tulit,
937 2655 1184 2710 avusque
1213 2643 1442 2698 Servilii·
1455 2643 1716 2708 Noniani,
1759 2657 1926 2711 quem
