2017 3034
202 1250 209 1259 .
202 1196 211 1203 a
200 1084 215 1183 ...ι-...ᾖ

276 140 365 205 Μ’
680 149 739 202 c.
779 148 1056 205 PLINn
1118 148 1493 202 ssscnxm

276 249 433 305 aliud
450 255 613 304 torno
635 251 858 315 teritur,
898 250 1297 319 aliud-argenti
1318 253 1483 303 modo
1507 246 1777 315 caelatur,
1800 251 1889 306 Si·

276 324 424 375 done
458 323 734 390 quondam
780 324 849 372 iis
878 321 1113 374 officinis
1154 321 1356 373 nobili:
1392 319 1666 388 siquidem
1710 322 1887 375 etiam

274 393 502 462 specula
533 392 974 457 excogitaverat.
1047 392 1210 443 Haec
1237 391 1350 441 fuit
1380 393 1610 457 antiqua
1637 392 1889 444 ratiovi-

275 465 368 515 tri.
439 463 555 515 Iam
577 475 710 513 vero
735 468 792 512 et
815 461 871 511 in
897 460 1181 514 Vulturno
1210 461 1355 513 mari
1379 461 1579 513 Italiae
1601 475 1777 513 arena
1799 454 1884 511 al-

274 535 347 585 ba
367 545 619 600 nascens,
662 545 761 581 sex
793 530 869 580 M.
892 530 1040 596 pass.
1068 531 1254 594 litore,
1294 531 1447 581 inter
1480 520 1682 582 Cumas
1699 537 1918 596 ,atqua
2009 536 2010 541 ’

274 603 582 662 Liternum,
607 614 750 668 quae
771 599 1101 651 mollissima
1122 606 1226 661 est,
1252 600 1366 666 pila
1387 600 1646 667 molaque
1666 601 1891 651 teritur,

277 671 424 724 Dein
443 671 711 721 miscetur
732 669 911 721 tribus
933 668 1187 737 partibus
1210 670 1344 720 nitri
1365 670 1611 736 pondere
1631 668 1719 721 vel
1741 685 1893 721 men-

278 755 426 802 sura,
472 754 539 791 ac
555 739 772 806 liquata
789 739 847 789 in
865 739 1007 790 alias
1028 736 1288 790 forna‘ces
1309 739 1736 790 transfunditur.
1809 738 1897 791 lbi

279 812 347 862 fit
372 824 576 872 massa,
615 824 758 875 quae
800 815 1036 859 vocatur
1079 809 1505 860 ammonitrum:
1543 813 1715 877 atque
1753 808 1898 860 haec

249 910 255 917 ·
278 880 614 947 recoquitur,
660 886 718 932 et
741 878 806 929 fit
825 879 1031 929 vitrum
1053 890 1272 944 purum,
1318 893 1385 930 ac
1399 893 1591 933 ,massa
1611 877 1740 931 vitri
1764 892 1896 930 can·

281 949 414 1001 didi.
486 949 602 1000 lam
624 963 759 1001 vero
783 962 883 1014 per
905 946 1125 999 Gallias
1147 946 1558 1014 Hispaniasque
1579 947 1752 1000 simili
1773 962 1894 1000 mo-

280 1019 355 1071 do
398 1032 600 1069 arenae
643 1022 1045 1083 temperantur.
1118 1013 1336 1068 Ferunt
1373 1017 1603 1071 Tiberio
1644 1018 1896 1086 principe

281 1089 664 1155 excogitatum
685 1087 819 1138 vitri
840 1092 1439 1153 temperamentum,ut
1461 1087 1703 1141 flexibile
1714 1093 1896 1139 esset:

282 1165 537 1209 ettotam
563 1156 840 1208 officinam
871 1156 1112 1208 artificis
1142 1156 1262 1208 eius
1295 1157 1592 1220 abolitam,
1633 1171 1701 1209 ne
1724 1157 1896 1218 aeris,

283 1226 533 1296 argenti,
575 1229 697 1279 auri
720 1226 968 1282 metallis
991 1226 1177 1292 pretia
1197 1224 1647 1279 detraherenturz
1719 1239 1896 1292 eaque

285 1296 439 1348 fama
460 1296 707 1348 crebrior
738 1297 851 1358 diu,
886 1312 1056 1363 quam
1088 1297 1295 1347 certior
1326 1292 1452 1346 fuit.
1523 1295 1633 1348 Sed
1653 1296 1784 1362 quid
1803 1309 1895 1348 re·

283 1366 422 1429 fert,
495 1365 735 1418 Neronis
778 1366 1104 1434 principatu
1138 1371 1365 1432 reperta
1390 1364 1525 1415 vitri
1567 1371 1709 1427 arte,
1751 1378 1896 1432 quae

284 1436 535 1488 modicos
577 1435 780 1487 calices
824 1435 984 1497 duos,
1032 1448 1171 1503 quos
1213 1434 1896 1507 appellabantpterotos,

238 1504 243 1513 ’
283 1506 373 1559 Η·
388 1504 444 1557 S.
462 1519 561 1556 sex
583 1504 828 1555 millibus
850 1506 1123 1556 venderet
1141 1503 1165 1555 ³

355 1573 575 1628 van.
612 1576 675 1626 ln
698 1574 902 1640 genere
934 1576 1068 1625 vitri
1100 1581 1156 1625 et
1177 1574 1485 1627 obsidiana
1515 1580 1898 1638 numerantur,

286 1643 356 1696 ad
378 1642 807 1696 similitudinem
830 1642 1053 1711 lapidiS,
1093 1656 1254 1711 quem
1280 1645 1340 1697 in
1363 1644 1662 1711 Aethiopia
1680 1645 1899 1697 invenit

285 1713 568 1777 obsidius,
588 1713 874 1782 nigerrimi
896 1713 1126 1776 coloris,
1147 1714 1445 1783 aliquando
1469 1720 1527 1766 et
1545 1715 1899 1777 translucidi,

286 1783 563 1836 oeassiore
582 1783 725 1847 visu,
765 1789 934 1851 atque
965 1784 1028 1834 in
1062 1785 1303 1848 speculis
1327 1785 1602 1850 parietum
1625 1798 1726 1854 pro
1749 1782 1894 1837 ima·

205 1904 213 1917 ,
283 1853 413 1921 gine
433 1855 657 1907 umbras
675 1853 963 1906 reddente.
1004 1853 1265 1907 Gemmas
1287 1854 1451 1905 multi
1475 1868 1544 1906 ex
1561 1869 1632 1907 eo
1653 1854 1898 1907 faciunt:

282 1923 630 1994 vidimusque
656 1930 715 1977 et
736 1922 952 1979 solidas
973 1922 1251 1989 imagines
1272 1922 1403 1975 Divi
1423 1923 1662 1991 Augusti
1683 1960 1701 1987 ,
1746 1926 1899 1992 capti

283 1994 548 2044 materiae
573 1994 733 2045 huius
756 1991 1154 2045 crassitudine:
1194 1992 1510 2060 dicavitque
1529 1996 1648 2060 ipse
1669 2007 1771 2060 pro
1794 1993 1899 2045 mi·

284 2062 501 2113 raculo*
523 2063 829 2128 insemplo
871 2062 1223 2115 Concordiae
1267 2063 1609 2115 obsidianos
1686 2069 1900 2118 natuor

286 2129 629 2198 elephantos.
701 2131 935 2184 Remisit
968 2138 1028 2184 et
1048 2132 1311 2184 Tiberius
1344 2133 1553 2184 Caesar
1571 2078 1898 2201 Heliopoli-

285 2208 468 2252 tarum
503 2200 861 2253 caerimoniis
896 2207 1178 2267 repertam
1193 2202 1290 2256 tibi
1325 2201 1382 2253 in
1417 2200 1737 2255 hereditate
1772 2203 1901 2256 eius

286 2271 383 2337 qui
401 2268 724 2336 praefuerat
745 2272 1000 2338 Aegypto
1015 2304 1032 2333 ‚
1055 2260 1436 2346 ‘Obsidianam
1459 2271 1761 2338 imaginem
1780 2271 1907 2325 Me·

284 2338 457 2391 ndei.
528 2339 615 2391 Ex
664 2355 776 2409 quo
816 2347 1050 2405 apparet
1073 2339 1363 2408 antiquior
1400 2342 1687 2407 materiae,
1716 2342 1906 2408 origo,

282 2423 429 2461 nunc
450 2407 586 2462 vitri
605 2407 970 2461 similitudine
989 2409 1355 2475 interpolata.
1412 2410 1765 2462 Xenocrates
1787 2413 1905 2464 Ob·
2001 2426 2002 2437 ¹

284 2478 567 2532 ddianum
588 2468 832 2545 lapidem
863 2478 925 2528 in
957 2477 1118 2529 India
1150 2484 1209 2530 et
1242 2479 1299 2530 in
1325 2477 1553 2530 Samnio
1574 2478 1796 2543 ltaliae,
1844 2484 1905 2534 et

287 2549 358 2600 ad
382 2549 660 2600 Oceanum
680 2544 740 2599 in'
760 2545 1037 2613 Hispania
1055 2549 1210 2599 nasci
1231 2546 1424 2600 tradit.
1495 2547 1593 2601 Fit
1610 2554 1670 2601 et
1689 2547 1904 2601 tinctu-

286 2631 386 2669 rae
427 2630 632 2686 genere
664 2613 1052 2677 Obsidiannm,
1091 2614 1167 2667 ad
1194 2617 1410 2668 escaria
1428 2631 1586 2681 vasa,
1626 2622 1687 2670 et
1715 2623 1907 2672 totum
1999 2626 2000 2637 ¹

288 2686 497 2740 rubens
515 2684 744 2751 vitrum,
783 2688 1087 2761 atquexnon
1109 2686 1495 2757 translucens,
1536 2686 1910 2744 haematinon
