2017 3034
336 150 445 207 102
551 157 563 164 ’
687 157 746 209 c.
815 123 1542 229 ΡωΝιιᾞεΕόυΝω

337 257 394 306 di
421 257 679 323 ponderis
700 263 1113 313 Ammae'nsibus
1137 263 1318 330 iugis,
1362 263 1735 333 depressis-ad
1762 264 1939 325 libra·¹

339 334 580 377 mentum
615 343 791 394 aquae
826 332 1025 396 puteis.
1096 332 1300 383 Mirum
1338 339 1393 383 et
1416 335 1563 399 quod
1590 333 1942 385 Xenocrates

338 396 513 445 tradit
558 397 851 461 Ephesius„
889 407 1075 450 aratro
1119 400 1172 450 in
1192 402 1328 451 Asia
1370 409 1426 452 et
1452 404 1637 467 Cypro
1684 403 1944 454 excitari.

339 462 463 513 Non
488 466 627 516 enim
663 466 899 517 inveniri
929 469 985 518 in
1017 476 1241 520 terreno
1264 504 1279 531 ‚
1325 486 1429 521 nec
1449 472 1553 520 nisi
1578 473 1720 520 inter
1744 479 1941 535 cautes

341 532 608 583 creditum
634 526 831 585 suerat.
904 535 1149 587 Similius
1179 554 1310 588 vero
1334 545 1437 599 est,
1481 540 1626 604 quod
1652 538 1800 590 idem
1827 540 1941 591 Xe·

343 604 811 668 n«)crates*tradit‚
853 607 1384 672 t01·rentibus=saepe
1408 607 1708 673 deportari.
1769 607 1939 659 Sudi-

341 683 435 718 nes
458 684 588 720 vero
622 679 787 738 negat
820 674 929 722 nisi
955 674 1026 724 ad
1061 676 1360 731 meridient,
1380 677 1762 741 spectantibus
1794 677 1941 728 locis

337 737 514 787 nasci:
554 738 698 804 quod
724 748 931 791 certum
959 750 1070 793 est:
1092 759 1198 794 non
1225 744 1366 795 enim
1392 746 1745 811 repen-ituria
1766 744 1944 813 aquo·

337 807 432 866 sia,
474 822 782 873 quanquam
808 810 861 858 in
886 812 1116 878 regione
1140 813 1480 878 praegelida,
1520 814 1609 865 vel
1630 814 1677 864 si
1699 814 1771 864 ad
1795 815 1943 867 vada

336 887 512 940 usque
545 875 858 941 glacientur
888 895 1095 933 amnes.
1169 882 1411 932 Caelesti
1441 881 1701 944 humore,
1744 886 1944 948 parva·

338 957 444 1012 que
464 943 586 996 nive
615 945 669 994 id
692 946 809 996 fieri
833 963 1055 1000 necesse
1078 949 1193 1001 est:
1214 944 1367 1001 ‘ideo
1392 951 1596 1010 calori-s
1616 953 1940 1017 impatiens,

336 1026 448 1061 non
472 1013 579 1063 nisi
603 1012 807 1081 frigido
835 1018 990 1081 potui
1018 1018 1310 1071 addicitur.
1399 1022 1587 1082 Quare
1610 1023 1939 1087 sexangulis

284 1084 291 1087 ’
337 1088 599 1133 nascatur
619 1082 915 1146 lateribus,
957 1101 1066 1136 non
1091 1087 1258 1139 facile
1282 1089 1427 1139 ratio
1451 1089 1685 1140 inveniri
1708 1098 1903 1154 potest
1919 1111 1937 1147 ς

337 1161 405 1197 eo
432 1153 608 1215 magis
632 1151 777 1216 quod
803 1168 977 1218 neque
1001 1159 1356 1208 mucronibus
1381 1157 1567 1209 eadem
1588 1161 1799 1223 species
1825 1166 1937 1224 est,

339 1224 395 1267 et
417 1217 500 1268 ita
521 1216 806 1271 absolutus
830 1228 915 1273 est
939 1222 1177 1275 laterum
1199 1225 1392 1278 laevor
1408 1263 1427 1292 ,
1467 1224 1706 1278 utnulla
1726 1228 1781 1277 id
1806 1232 1936 1282 arte

290 1302 298 1305 ’
336 1289 513 1350 possit
533 1289 793 1353 aequari„
886 1310 891 1316 ·

403 1354 472 1405 X.
510 1355 837 1423 Magnitudo
861 1360 1201 1426 amplissima
1229 1363 1409 1414 adhuc
1437 1364 1557 1415 visa
1591 1364 1753 1427 nobis
1787 1371 1935 1430 erat,

335 1437 498 1488 quam
520 1426 572 1473 in
599 1428 876 1492 Capitolio
903 1428 1321 1497 LiviaAugusta
1342 1433 1637 1496 dicaverat,
1658 1434 1936 1488 librarum

333 1490 554 1541 circiter
581 1495 994 1561 quinquaginta.
1065 1499 1406 1552 Xenocrates
1439 1509 1636 1554 auctor
1667 1512 1781 1563 est,
1832 1521 1936 1556 ras

334 1556 658 1623 amphorale
694 1565 906 1615 visum:
967 1568 1253 1635 et'aliqui,
1293 1586 1360 1622 ex
1398 1571 1552 1622 india
1598 1573 1936 1640 crystallum

333 1628 702 1680 sextariorum
727 1639 977 1696 quatuor.
1069 1637 1185 1689 Nos
1206 1639 1417 1705 liquido
1440 1639 1715 1693 affirmare
1739 1658 1941 1708 possu-

334 1710 474 1758 mus,
518 1697 575 1746 in
599 1703 848 1756 cautibus
871 1705 1095 1772 Alpium
1118 1709 1290 1770 nasci,‘
1309 1716 1476 1775 atque
1498 1709 1637 1762 adeo
1661 1713 1849 1771 inviis,
1871 1719 1939 1765 ut

332 1763 654 1831 plerumque
684 1769 817 1824 fune
852 1776 1154 1839 pendentes
1187 1793 1308 1828 eam
1334 1777 1642 1830 extrahant.
1719 1781 1938 1834 Pei-itis

332 1833 491 1900 signa
514 1842 569 1886 et
588 1837 798 1890 iudicia
819 1853 953 1894 nota
982 1852 1129 1896 sunt.
1201 1846 1541 1898 infestantur
1565 1847 1828 1914 plurimis
1851 1851 1939 1901 τί.

234 1960 235 1963 ¹
320 1903 450 1953 tiis:
489 1905 685 1987 scabro
707 1909 1029 1974 ferrumine,
1067 1914 1348 1966 maculosa
1368 1918 1527 1978 nube,
1573 1919 1798 1969 occulta
1824 1919 1935 1971 ali·

329 1986 440 2037 qua
459 1986 701 2040 vomica,
746 1981 1021 2043 praeduro
1058 1980 1355 2049 fragilique
1391 1993 1609 2036 centro:
1648 1988 1783 2036 item
1808 1989 1939 2042 sale

327 2042 627 2121 appellato.
701 2047 802 2098 Est
838 2055 895 2099 et
927 2050 1053 2100 rufa
1084 2052 1362 2118 aliquibus
1395 2054 1621 2120 rubigo:
1665 2054 1797 2105 aliis
1837 2070 1936 2109 ca·

322 2110 704 2174 pillamentum
739 2114 916 2168 rimae
946 2119 1148 2171 simile.
1217 2122 1345 2170 Hoc
1377 2123 1615 2173 artifices
1636 2124 1940 2180 caelatura

327 2179 625 2232 occultant.
699 2185 852 2246 Quae
894 2192 1027 2237 vero
1070 2188 1188 2240 sine
1228 2189 1364 2240 vitio
1406 2197 1555 2252 sunt,
1598 2206 1768 2257 puras
1806 2210 1939 2248 esse

324 2247 555 2308 malunt,
598 2258 856 2304 acenteta
893 2254 1259 2320 appellantes,
1300 2273 1401 2309 nec
1440 2275 1670 2342 spuma?
1709 2262 1938 2327 colore,

323 2313 420 2363 sed
441 2313 703 2381 limpidae
725 2334 918 2386 aquae.
993 2325 1284 2376 Postremo
1307 2331 1612 2378 auctoritas
1636 2344 1689 2378 in
1717 2332 1940 2396 ponde·

322 2395 383 2431 re
409 2388 512 2431 est.
582 2385 811 2437 Invenio
834 2390 1106 2454 medicos,
1152 2408 1294 2458 quae
1325 2402 1453 2446 sunt
1487 2396 1701 2449 urenda
1728 2414 1941 2465 corpo·

322 2462 465 2509 rum,
490 2465 598 2500 non
622 2452 791 2504 aliter
809 2457 997 2508 utilius
1020 2460 1077 2511 id
1104 2462 1225 2510 fieri
1250 2469 1465 2526 putare,
1500 2480 1661 2531 quam
1687 2470 1941 2535 crystal-

322 2515 441 2567 lina
466 2518 587 2582 pila
607 2519 855 2573 adversis
885 2527 1068 2591 posita
1100 2526 1250 2579 Solis
1282 2533 1472 2584 radiis.
1544 2534 1703 2585 Alius
1728 2535 1824 2589 bie
1847 2537 1941 2590 fu·

321 2596 436 2644 ror,
477 2585 534 2635 H
558 2616 576 2627 -
597 2584 653 2638 S.
693 2589 801 2639 CL.
824 2592 901 2642 M.
925 2596 1151 2647 trullam
1194 2610 1366 2650 unam·
1403 2613 1512 2651 non
1548 2609 1677 2655 ante
1709 2607 1940 2661 multus

323 2664 495 2704 annos
518 2661 818 2710 mercatam
839 2676 873 2713 a
891 2663 1338 2734 matrefamilias,
1376 2685 1479 2724 nec
1499 2671 1689 2725 divite.
1765 2675 1940 2731 ldcm

962 2817 989 2835 l
