2017 3034
329 149 396 202 η
660 145 1099 202 *ern-mn
1169 142 1552 200 sacuam
1731 102 1746 124 ⁴
1995 0 1998 167 j

329 265 456 304 rom
480 256 707 309 natura:
749 250 850 303 sed
881 266 949 302 ex
969 249 1057 301 his
1081 263 1194 301 non·
1225 250 1326 302 fit.-
1379 250 1553 305 Omne
1574 252 1762 300 autem
1781 253 1934 301 atra·
1997 246 1998 253 ’

326 328 576 374 mentum
599 320 730 381 Sole
752 321 1055 388 perficitur,
1077 320 1367 391 librarium
1394 319 1619 385 gummi,
1640 320 1938 370 tectorium

330 390 554 457 glutino
592 388 862 441 admixto.
937 389 1102 452 Quod
1144 395 1334 442 autem
1372 397 1537 441 aceto
1573 387 1939 456 liquefactum

332 468 437 523 est,
459 474 625 526 aegre
647 459 871 512 eluitur.
1999 504 2000 507 ,

402 528 610 581 XXVI.
647 529 693 580 E
716 525 949 595 reliquis
969 527 1255 579 coloribus
1280 561 1296 589 ‚
1339 522 1482 593 qu‘os
1500 543 1535 580 a
1555 526 1794 581 dominis
1815 525 1942 580 dari
1999 534 2000 537 ’

333 598 600 661 diximus,
630 604 859 664 propter
882 597 1319 663 magnitudinem
1345 598 1543 662 pretii,
1590 604 1722 649 ante
1747 613 1942 650 omnen

335 674 424 721 est
453 668 834 735 purpurissum
871 682 901 717 e
936 673 1094 716 creta
1122 667 1461 733 argentaria:
1524 681 1647 717 cum
1679 666 1942 732 purpuris

332 740 549 805 pariter
574 738 829 805 tingitur,
870 734 1122 801 bibitque
1156 750 1281 786 eum
1315 734 1558 785 colorem
1594 735 1833 787 celerius
1865 737 1942 788 la·
2001 756 2002 767 ¹

333 808 440 859 nis.
512 807 880 877 Praecipuum
903 811 988 855 ost
1012 806 1267 870 primum',
1310 804 1559 857 fervente
1579 803 1762 856 aheno
1783 804 1940 856 rudi·
2001 804 2002 807 ’

334 878 444 929 bus
466 877 887 930 medicamentis
910 875 1269 926 inebriatum.
1340 874 1663 931 Proximum
1689 910 1705 936 ‚
1749 882 1942 941 egesto

341 962 408 1000 eo
430 983 449 1010 ,
478 947 684 999 addita
703 953 859 998 creta
882 948 937 995 in
959 945 1054 994 ius
1072 943 1239 994 idem.
1311 944 1386 994 Et
1411 944 1628 1010 quoties
1650 943 1708 993 id
1729 943 1946 996 factum

341 1024 446 1080 est,
490 1017 709 1068 levatur
748 1015 968 1067 bonitas
1008 1028 1109 1079 pro
1152 1027 1417 1075 numero,
1459 1013 1729 1064 dilutiore
1768 1015 1942 1067 sanie.

341 1088 528 1149 Quare
550 1085 917 1138 Puteolanum
942 1084 1128 1157 potius
1153 1081 1421 1133 laudatur
1442 1120 1459 1145 ,
1504 1098 1667 1148 quam
1692 1084 1944 1150 Tyrium,
2003 1104 2004 1133 ³

341 1162 437 1207 aut
460 1154 935 1215 Gaetulicum,vel
955 1151 1310 1212 Laconicum,
1331 1152 1479 1204 unde
1501 1153 1946 1218 pretiosissimae
2003 1160 2004 1165 ’

340 1224 638 1292 purpurae.
712 1224 893 1274 Causa
914 1228 1029 1283 est,
1072 1219 1480 1289 quod-hysgino
1503 1222 1743 1275 maxime
1765 1222 1945 1272 infici·
2003 1264 2004 1267 ,

341 1303 451 1355 tur,
490 1293 814 1359 rubiamque
849 1292 1072 1358 cogitur
1102 1293 1348 1342 sorbere.
1420 1289 1769 1342 vilissimum
1792 1293 1946 1343 aCa·

342 1364 521 1416 nusio.
595 1363 839 1415 Pretium
884 1360 1073 1412 huica
1102 1360 1341 1426 singulis
1372 1360 1616 1412 denariis
1652 1362 1707 1410 in
1750 1360 1952 1422 libra-⁴15
2003 1364 2004 1369 ’

341 1433 412 1485 ad
438 1431 695 1498 triginta.
767 1430 1067 1496 Pingentes
1111 1430 1361 1497 sandyce
1399 1429 1629 1492 sublita,
1665 1443 1799 1481 mox
1838 1443 1944 1481 oro

341 1499 674 1568 inducentes
698 1500 1103 1566 purpurissum,
1123 1499 1402 1566 fulgorem
1427 1500 1589 1550 minii
1612 1498 1841 1552 faciunt.
1886 1499 1949 1550 Si
2005 1558 2006 1563 ¹

340 1584 639 1638 purpuram
667 1569 854 1620 facere
875 1569 1109 1629 malunt,
1136 1571 1455 1639 caerpleum
1477 1569 1781 1634 sublinunt,
1815 1581 1953 1627 mox

340 1641 728 1706 purpurissum
752 1653 820 1688 ex
842 1653 946 1689 ovo
968 1638 1262 1690 inducunt.

312 1708 636 1761 “”xxvlL
657 1709 738 1760 Ab
762 1706 868 1759 hoc
888 1709 1133 1759 maxima
1149 1709 1457 1761 auctoritas
1476 1708 1682 1761 Indico.
1752 1707 1841 1767 Ex
1861 1705 1955 1769 inf

343 1778 438 1833 dia
455 1779 629 1840 venit,
673 1778 1003 1829 arundinum
1046 1776 1276 1845 sp‘umae
1297 1777 1731 1832 adhaerescente
1767 1778 1906 1828 limo
1929 1792 1956 1847 ιὶ

344 1863 467 1912 cum
491 1848 710 1911 teritur,
753 1848 997 1915 nigrum:
1038 1854 1098 1897 at
1116 1850 1170 1897 in
1201 1846 1461 1899 diluendo
1493 1850 1792 1899 mixturam
1818 1861 1948 1913 pur·

343 1930 515 1985 purae
536 1918 887 1985 caeruleique
910 1916 1214 1968 mirabilem
1238 1917 1440 1968 reddit.
1497 1917 1744 1969 Alterum
1769 1930 1948 1982 genus

340 1989 458 2042 eius
502 1994 587 2038 est
610 1989 666 2037 in
705 1989 1051 2054 purpurariis
1096 1984 1332 2037 officinis
1375 1987 1630 2038 innatans
1673 1985 1947 2038 cortinis:

342 2064 402 2109 et
426 2062 512 2110 est
532 2071 809 2124 purpurae
843 2072 1056 2124 spuma.
1129 2055 1241 2117 Qui
1263 2055 1599 2118 adulterant,
1641 2070 1775 2108 vero
1798 2053 1948 2105 Indi·

342 2141 410 2179 co
438 2126 664 2193 tingunt
696 2134 948 2178 stercora
980 2124 1326 2177 columbina:
1364 2131 1464 2176 aut
1495 2132 1704 2177 cretam
1728 2124 1951 2176 Selinu-

342 2197 513 2248 siam:
551 2195 639 2246 vel
661 2196 968 2247 anulariam
999 2196 1150 2247 vitro
1183 2195 1450 2246 inficiunt.
1522 2193 1801 2247 Probatur
1833 2207 1955 2244 car·

342 2267 507 2318 bone.
576 2264 786 2333 Reddit
817 2268 984 2327 enim,
1030 2263 1180 2331 quod
1210 2265 1488 2316 sincerum
1523 2270 1628 2327 est,
1668 2264 1954 2314 flammam

345 2333 678 2391 excellentis
703 2347 1016 2401 purpurae:
1056 2338 1114 2384 et
1133 2333 1261 2383 dum
1287 2332 1485 2394 fumat,
1510 2331 1740 2385 odorem
1762 2331 1954 2401 maris.

344 2403 429 2455 Ob
450 2404 509 2455 id
532 2402 754 2470 quidam
781 2418 812 2454 e
832 2401 1078 2467 scopulis
1114 2402 1173 2452 id
1197 2402 1385 2469 colligi
1411 2409 1627 2469 putant.
1696 2400 1957 2452 Pretium

344 2473 537 2527 indico
570 2473 623 2523 X
656 2471 711 2523 X
744 2470 800 2521 in
823 2471 1012 2522 libras.
1086 2471 1442 2523 ln-medicina
1459 2471 1711 2524 Indicum
1733 2470 1955 2536 rigores

344 2547 404 2595 et
423 2545 664 2607 impetus
685 2540 865 2601 sedat,
905 2539 1191 2606 siccatque
1214 2540 1462 2594 hulcera.

413 2610 670 2663 xxvm.
705 2608 966 2661 Armenia
989 2609 1182 2669 mittit,
1208 2611 1355 2674 quod
1380 2613 1502 2662 eius
1521 2608 1747 2662 nomine
1768 2606 1957 2673 appel-

342 2680 512 2733 latur.
581 2678 757 2744 Lapis
779 2684 865 2729 est
894 2673 987 2729 hic
1022 2692 1244 2746 quoque
1276 2676 1661 2748 chrysocollae
1682 2678 1850 2731 modo
1874 2676 1959 2728 in·
