2017 3034
352 169 667 226 mrun.
713 171 939 228 msr.
977 142 1147 230 mn,
1179 174 1411 232 xxxv.
1446 174 1502 230 2.
1696 174 1731 226 3

128 272 441 331 stimulatio
486 275 700 344 ingens,
740 279 1210 347 exprobrantibus
1248 281 1431 344 tectis,
1471 279 1728 348 quotidie

129 343 423 397 imbellem
446 344 732 398 dominum
764 347 983 401 intrare
1007 350 1080 403 in,
1103 349 1345 402 alienum
1367 349 1732 418 triumphqu

128 413 338 465 Exstat
353 413 634 469 Messalae
672 419 912 470 oratoris
934 419 1267 487 indignatio,
1312 435 1420 486 qua
1440 420 1729 486 prohibuit

128 482 305 535 inseri
323 485 478 550 genti
497 501 632 538 suae
653 485 991 540 Levinorum
1014 489 1255 540 alienam
1275 488 1592 555 imaginem.
1648 489 1732 543 si·

130 551 284 603 milis
325 567 496 605 causa
514 555 795 610 Messalae
834 561 952 615 seni
993 557 1269 624 expressit
1294 558 1580 610 volumina
1615 558 1731 627 illa,

132 634 273 691 quae
295 620 366 673 de
385 621 619 676 familiis
637 627 891 679 condidit
908 662 923 688 ,
967 642 1091 678 cum
1115 626 1391 694 Scipionis
1409 626 1734 694 Pomponia·
1759 633 1766 637 “

130 693 189 742 ni
226 692 524 745 transisset
567 696 793 759 atrium,
823 695 1173 763 vidissetque
1212 696 1516 764 adoptione
1554 702 1731 750 testa·

126 760 407 813 mentaria
426 760 907 831 Salutiones‚(hoc
930 766 1077 816 enim
1102 767 1155 816 ei
1179 765 1361 817 fuerat
1381 767 1733 835 cognomen,)

128 827 515 881 Africanorum
539 830 811 885 dedecore
839 834 1146 899 irrepentes
1170 834 1482 902 Scipionum
1505 836 1732 887 nomini.

129 895 238 950 Sed
277 911 418 963 pace
450 899 823 955 Messalarum
847 902 1058 955 dixisse
1080 904 1267 965 liceat,
1310 905 1481 955 etiam
1510 905 1733 955 mentiri

129 968 409 1020 clarorum
447 966 718 1037 imagines
739 974 763 1034 ,¹
811 977 934 1025 erat
988 973 1190 1039 aliquis
1232 974 1502 1024 virtutum
1545 987 1729 1024 amor:

127 1035 418 1115 multoque
438 1037 748 1104 honestius,
790 1056 953 1109 quam
987 1043 1209 1106 mereri,
1247 1042 1466 1111 nequis
1489 1056 1617 1093 suas
1638 1057 1732 1096 ex·

163 1112 361 1158 eteret.
1199 1132 1206 1139 „

124 1118 160 1174 p
190 1173 320 1226 Non
348 1179 436 1228 est
456 1178 918 1243 praetereundum
942 1185 1001 1231 et
1022 1180 1294 1231 novitium
1317 1181 1617 1233 inventum.
1651 1178 1735 1232 Si·

124 1243 350 1311 quidem
374 1258 488 1296 non
522 1246 701 1298 solum
731 1262 801 1300 ex
835 1263 970 1300 auro
1008 1256 1331 1316 argentove,
1372 1255 1469 1303 aut
1490 1253 1640 1300 certe
1663 1263 1733 1301 ex

122 1326 261 1364 aere
305 1313 361 1364 in
385 1314 755 1368 Bibliothecis
786 1318 1162 1380 dicanturilli‚
1202 1331 1432 1384 quorum
1453 1318 1736 1377 immorta-

123 1380 205 1438 les
229 1382 454 1436 animae
494 1384 555 1434 in
595 1386 735 1436 locis
775 1387 975 1438 iisdem
1016 1387 1348 1453 loquuntur:
1391 1378 1523 1454 quin
1562 1386 1734 1438 immo

125 1455 297 1507 etiam
324 1469 475 1521 quae
489 1469 599 1505 non
622 1459 768 1519 sunt,
812 1456 1111 1522 finguntur,
1152 1455 1488 1523 pariuntque
1513 1455 1731 1508 deside·
1777 1464 1781 1469 ’

123 1525 210 1577 ria
231 1536 349 1593 uoq
366 1523 565 1591 traditi
585 1524 788 1588 vultus,
808 1527 952 1577 sicut
974 1525 1033 1575 in
1057 1520 1306 1577 Hoffi'ero
1330 1525 1537 1577 evenit.
1607 1526 1733 1588 Quo
1773 1583 1779 1589 ,

118 1584 310 1645 fidius
352 1597 440 1656 (ut
466 1591 721 1659 equidem
742 1594 1007 1658 arbitror)
1052 1593 1266 1645 nullum
1309 1601 1396 1647 est
1439 1591 1734 1647 felicitatis

118 1663 427 1731 specimen,
466 1678 629 1728 quam
653 1678 874 1731 semper
911 1679 1102 1716 omnes
1123 1665 1268 1716 scire
1291 1678 1511 1730 cupere,
1553 1665 1734 1732 qualis

108 1729 304 1786 'ruerit
349 1732 570 1798 aliquis.
642 1735 815 1784 Asinii
856 1735 1126 1786 Pollionis
1168 1731 1274 1784 hoc
1296 1734 1506 1785 Romae
1547 1734 1734 1784 inven·
1795 1790 1802 1794 ‚
1863 1786 1872 1791 „

116 1804 259 1864 aun,
307 1801 403 1869 qui
422 1802 628 1868 primus
650 1800 1061 1856 Bibliothecam
1084 1802 1339 1864 dicando,
1381 1802 1607 1869 ingenia
1629 1801 1730 1854 ho·

112 1868 334 1927 &num
375 1885 494 1923 rem
536 1872 811 1937 publicam
838 1873 986 1925 fecit.
1062 1874 1142 1923 An
1186 1871 1403 1938 priores
1446 1872 1734 1938 coeperint

108 1938 502 1997 llexav'idriae
523 1947 581 1992 et
601 1939 858 2008 Pergami
878 1956 1058 2008 reges,
1088 1940 1182 2008 qui
1202 1939 1587 1992 Bibliothecas
1613 1954 1739 1990 ma-·

114 2010 562 2081 gnoecertamine
591 2012 915 2072 instituere,
955 2026 1064 2061 non
1089 2009 1252 2061 facile
1274 2009 1523 2073 dixerim.
1593 2009 1731 2060 lma·
1766 2014 1778 2067 ξ

96 2078 320 2207 Qum
345 2094 536 2130 amore
558 2078 823 2146 flagrasse
848 2079 1127 2147 quondam
1162 2083 1333 2129 testes
1356 2083 1485 2129 sunt
1509 2083 1566 2129 et
1586 2076 1728 2129 Atti-
1763 2084 1770 2093 ‘

232 2147 342 2201 ille
365 2148 674 2210 Ciceronis,
714 2150 866 2201 edito
889 2148 958 2200 de
983 2147 1068 2198 his
1089 2146 1385 2208 volumine,
1428 2152 1485 2198 et
1503 2146 1731 2199 Marcus
1871 2146 1878 2151 ’

110 2212 305 2271 Varro
324 2216 724 2283 benignissimo
747 2217 1226 2281 invento,insertis
1246 2216 1587 2268 voluminum
1608 2228 1733 2268 suo·
1759 2268 1764 2273 ,

110 2292 238 2343 mm
260 2286 659 2349 foecunditati,
712 2303 824 2340 non
846 2286 1160 2340 nominibus
1183 2291 1397 2351 tantum
1419 2286 1733 2354 septingen-

112 2360 309 2413 turum
338 2356 666 2420 illustrium,
708 2357 804 2410 sed
831 2364 888 2410 et
926 2356 1112 2423 aliquo
1151 2356 1320 2409 modo
1359 2356 1694 2425 imaginibus
1717 2371 1731 2404 ε
1757 2380 1762 2389 =

112 2426 231 2481 hon
253 2440 462 2493 passus
484 2425 823 2479 intercidere
857 2426 1093 2493 figuras,
1134 2429 1586 2478 autqvetustatem
1611 2425 1732 2478 aevi

114 2501 322 2551 mnu-a
342 2493 595 2548 homines
615 2497 806 2548 valere
825 2529 842 2558 ‚
896 2496 1157 2546 inventor
1175 2497 1414 2547 muneris
1436 2496 1603 2546 etiam
1626 2494 1734 2544 diis

112 2560 431 2626 invidiosi,
471 2565 688 2631 quando
721 2564 1205 2616 immortalitatem
1229 2578 1340 2615 non
1359 2564 1538 2614 solum
1561 2561 1733 2619 dedit,

112 2644 318 2701 ycmm
341 2633 516 2685 etiam
538 2636 596 2685 in
619 2649 811 2685 omnes
832 2640 1014 2685 terras
1034 2633 1203 2696 misit,
1223 2637 1287 2683 ut
1304 2633 1629 2697 praesentes
1653 2641 1735 2678 es·

112 2704 181 2756 Se
196 2703 432 2802 ubique,
453 2708 513 2756 et
535 2703 722 2757 claudi
742 2708 989 2807 possent.
1061 2742 1078 2748 -
1205 2767 1254 2819 Δ
1270 2764 1309 2815 2

38 2986 197 3007 ,mn
