2017 3034
350 104 422 160 56
558 113 564 119 ¹
732 92 1134 176 αῬωΝιι
1183 123 1563 184 secum„

347 210 517 275 neris,
554 228 718 282 quam
739 219 1111 288 Vespasianus
1134 228 1446 296 Imperator
1466 236 1523 286 in
1545 239 1806 303 open-ihus
1829 243 1940 298 Pa-

344 278 421 331 cis
445 295 579 334 suae
601 285 823 350 dicavit,
845 292 1195 360 antiquorum
1219 302 1442 365 dignam
1466 303 1638 358 fama.
1678 308 1786 360 Par
1809 311 1943 366 hae·

342 347 540 399 sitatio
564 356 728 404 estin
751 360 960 424 templo
981 364 1255 428 Apollinis
1278 368 1496 421 Sosiani
1510 407 1527 434 ,
1568 377 1782 429 Nioben
1809 395 1937 432 cum

339 414 530 467 liberis
554 424 896 490 morientem,
911 429 1118 496 Scopas
1137 449 1209 486 an
1233 437 1773 497 Praxitelesfecerit:
1794 447 1935 500 item

338 484 502 535 lanus
544 496 708 557 pater
747 493 806 544 in
849 511 953 549 suo
988 504 1197 569 templo
1221 506 1435 558 dicatus
1459 512 1527 561 ab
1551 515 1817 579 Augusto,
1862 532 1937 569 ex

337 553 594 621 Aegypto
615 559 896 627 advectus,
942 569 1118 620 utrius
1141 588 1333 631 manus
1354 578 1446 639 sit,
1487 581 1598 630 iam
1622 584 1841 648 quidem
1871 594 1932 638 ct

336 633 473 674 auro
497 627 823 683 occultatus.
896 634 1167 691 Similiter
1208 645 1267 694 in
1288 646 1740 709 CuriaOctaviae
1763 669 1929 720 quae·
2005 710 2006 713 ,

333 693 477 742 ritui·
497 692 564 744 «le
578 697 845 764 Cupidine
861 701 1070 757 fulmen
1095 714 1340 764 tenente.
1358 715 1420 766 Id
1440 715 1658 770 demum
1683 721 1927 774 affirma-

333 763 441 821 tur,
463 761 804 820 Alcibiadem
827 788 947 824 esse
969 777 1272 845 principem
1298 783 1480 837 forma
1499 784 1557 836 in
1578 803 1646 839 ea
1667 796 1874 843 aetate.

399 828 584 882 Multa
613 835 672 884 in
705 838 898 891 eadem
929 842 1125 897 schola
1164 852 1282 901 sine
1319 856 1648 908 auctoribus
1686 859 1926 925 placent.

332 892 522 964 Satyri
546 908 809 967 quatuor:
833 925 903 959 ex
925 913 1122 976 quibus
1144 917 1554 974 unusLiberum
1578 933 1792 990 patrem
1809 930 1925 993 pa'l·

14 968 289 1033 boquea&
331 963 386 1014 la
408 967 650 1020 velatum
684 972 910 1027 Veneris
943 983 1218 1047 praefert:
1261 989 1407 1041 alter
1429 992 1682 1046 Liberam
1716 996 1925 1049 simili-

330 1037 449 1083 ter:
494 1039 698 1099 tertius
720 1057 754 1107 p
781 1056 997 1098 oratum
1022 1050 1248 1105 infantis
1270 1056 1518 1111 cohibet:
1544 1071 1773 1128 quartus
1798 1081 1918 1119 cra-

325 1104 450 1152 tere
471 1105 698 1159 alterius
709 1112 869 1164 ’sitim
893 1117 1083 1171 sedat:
1106 1121 1556 1192 duaeque-Aurae
1576 1134 1921 1188 velificantes

327 1182 429 1219 sua
447 1179 617 1228 veste.
688 1178 805 1231 Nec
825 1184 1007 1236 minor
1030 1195 1279 1256 quaestio
1306 1199 1466 1247 estin
1489 1199 1692 1266 Septis,
1724 1204 1919 1270 Olym·

323 1250 453 1301 pum
479 1246 536 1292 et
549 1240 720 1308 Pana,
739 1247 1139 1322 Chii-(memque
1160 1275 1284 1312 cum
1298 1265 1530 1334 Achille,
1547 1273 1640 1335 qui
1653 1271 1915 1326 fecerint:

320 1311 651 1423 pli-aesertim
694 1331 816 1387 cum
861 1324 1094 1388 capitali
1123 1331 1494 1388 satisdatione
1524 1338 1674 1390 fama
1702 1341 1921 1396 iudicet

367 1389 547 1440 ignes.
1411 1428 1422 1435 κ

368 1440 438 1494 ’9.
477 1444 687 1519 Scopas
705 1450 897 1506 habuit
914 1464 1162 1514 aemulos
1184 1467 1374 1520 eadem
1393 1478 1599 1539 aetate,
1638 1478 1913 1546 Bryaxin,

318 1514 376 1562 et
396 1513 777 1582 Timotheum,
820 1530 875 1575 et
895 1525 1266 1600 Leocharem,
1306 1538 1375 1590 de
1414 1543 1614 1608 quibus
1635 1546 1803 1599 simul
1829 1550 1916 1601 di-

318 1579 554 1648 cendum
580 1592 680 1645 est,
704 1592 959 1653 quoniam
982 1602 1197 1663 pariter
1220 1606 1527 1673 caelavere,
1542 1614 1913 1673 Mausoleum-

314 1646 639 1713 Sepulcrum
662 1652 766 1708 hoc
780 1668 863 1713 est
878 1666 948 1715 ab
960 1683 1132 1723 uxore
1144 1673 1450 1729 Artemisia
1465 1679 1667 1733 factum
1682 1685 1913 1740 Mauso·

312 1714 372 1765 lo
387 1717 582 1771 Cariae
596 1727 804 1790 regulo,
819 1733 910 1796 qui
922 1735 1066 1788 obiit
1079 1740 1423 1808 Olympiadis
1438 1753 1773 1806 centesimae
1784 1771 1913 1809 sex-

311 1788 557 1838 taeanno
572 1795 830 1847 secundo.
856 1802 1006 1867 Opus
1022 1806 1076 1856 id
1099 1815 1160 1858 ut
1174 1820 1332 1877 ,esse-t
1345 1815 1491 1867 inter
1509 1827 1718 1885 septem
1735 1826 1908 1876 mira-

311 1852 455 1914 cula,
484 1855 528 1906 ii
553 1866 790 1923 maxime
813 1873 1056 1924 artifices
1078 1875 1282 1933 fecere.
1355 1883 1517 1938 Patet
1537 1889 1605 1938 ab
1628 1899 1820 1944 austro
1847 1901 1909 1946 et

308 1928 705 1988 septemtrione
726 1949 1032 2003 sexagenos
1057 1950 1247 1999 ternos
1268 1953 1455 2016 pedes,
1470 1956 1737 2012 breviusa
1751 1961 1906 2015 fron-

261 2034 268 2044 ,
305 1989 475 2062 tibus,
516 2001 637 2048 toto
684 2001 918 2057 circuitu
955 2012 1122 2075 pedes
1152 2020 1588 2089 quadringentos
1610 2029 1904 2085 undecim:

305 2061 583 2115 attollitur
601 2067 658 2116 in
680 2068 1033 2130 altitudinem
1057 2083 1256 2152 viginti
1272 2091 1517 2159 quinque
1530 2097 1763 2152 cubitis:
1788 2103 1906 2155 cin·

300 2128 455 2193 gitur
476 2133 747 2188 columnis
770 2142 1006 2211 triginta
1027 2157 1144 2203 sex.
1217 2154 1424 2212 Pteron
1439 2178 1739 2220 xoeavere.
1812 2172 1902 2225 Ab

238 2238 242 2243 ,
302 2197 517 2277 oriente
539 2203 775 2260 caelavit
796 2210 1034 2280 Scopas,
1075 2236 1110 2271 a
1137 2230 1537 2291 septemtrione
1555 2233 1822 2303 Bryaxis,
1863 2257 1903 2295 a

298 2265 532 2319 meridie
553 2271 894 2342 Timotheus,
913 2286 981 2337 ab
1007 2301 1208 2341 occasu
1229 2293 1563 2352 Leochares,
1617 2303 1900 2375 Priusqtie

296 2344 459 2408 quam
483 2350 826 2409 peragerent,
848 2355 1041 2417 regina
1056 2360 1373 2427 Artemisia,
1396 2382 1537 2433 quae
1557 2376 1748 2426 mariti
1772 2393 1894 2430 me-

294 2410 505 2454 moriae
525 2407 582 2456 id
603 2424 739 2475 opus
763 2423 971 2469 exstrui
1004 2424 1274 2493 iusserat,
1319 2436 1478 2488 obiit.
1551 2441 1676 2494 Non
1698 2451 1891 2498 tamen

218 2468 231 2473 ’
293 2479 641 2527 recesserunt
660 2513 677 2540 ,
716 2483 827 2533 nisi
848 2486 1104 2543 absoluto
1128 2496 1237 2548 iam
1262 2536 1279 2564 ,
1320 2504 1373 2554 id
1396 2506 1611 2571 gloriae
1635 2513 1894 2580 ipsorum

63 2519 74 2543 ¹
134 2532 147 2541 “
215 2569 227 2580 .
289 2537 537 2605 artisque
560 2557 1324 2621 monumentumiudicantes:
1367 2570 1641 2646 hodieque
1663 2590 1891 2637 certant

291 2616 502 2660 alanus.
573 2614 820 2669 Accessit
839 2626 895 2672 et
914 2626 1142 2691 quintus
1159 2638 1384 2695 artifex.
1441 2644 1689 2716 Namque
1711 2666 1890 2718 supra
