2017 3034
299 163 405 220 110
671 161 731 215 C.
799 160 1066 215 PLan
1138 153 1523 214 SECUND‘I

300 262 618 330 repertum!
658 269 754 315 aut
792 279 930 329 quae
951 264 1060 316 fuit
1098 263 1413 314 coniectura
1435 252 1761 325 experiendi
1783 272 1892 310 rem

301 333 555 385 immensi
581 334 800 392 secreti,
823 340 879 384 et
904 334 956 383 in
983 333 1311 383 foedissimo
1333 328 1689 380 animalium!
1710 329 1896 380 Numi·

303 417 430 453 num
457 401 714 467 profecto
730 405 968 452 muneris
992 401 1122 452 talis
1144 400 1387 451 inventio
1407 402 1583 449 onmis
1606 404 1711 449 est.
1786 398 1896 451 Nec

311 469 629 536 quaerenda,
646 472 702 520 in
727 470 844 521 ulla
869 477 1025 536 parte
1051 480 1281 520 naturae
1303 469 1476 529 ratio,
1502 465 1598 518 sed
1620 467 1895 517 voluntas.

308 540 385 591 Et
429 554 551 589 cum
585 538 824 590 feliciter
860 554 1114 605 rumpere
1151 537 1408 603 contigit,
1448 538 1504 586 in
1542 543 1656 586 tam
1700 548 1894 600 parvas

311 607 592 673 frangitur
612 615 845 669 crustas,
881 615 939 658 ut
965 609 1113 659 cerni
1136 610 1228 657 vix
1249 610 1477 673 possint.
1550 604 1897 670 Expetuntur

312 690 348 727 a
367 676 752 741 scalptoribus,
777 676 1037 741 ferroque
1056 675 1429 733 includuntur,
1444 674 1648 725 nullam
1675 689 1787 723 non
1810 673 1898 723 du·

309 742 497 795 ritiam
521 759 590 796 ex
614 743 766 796 facili
792 753 1069 796 cavantes.
1127 744 1363 795 Adamas
1385 743 1618 797 dissidet
1636 758 1762 792 cum
1788 756 1894 791 ma-

312 820 481 879 gnete
504 813 688 878 lapide
709 816 761 864 in
786 821 1029 875 tantum,
1068 818 1131 863 ut
1149 813 1306 863 iu'xta
1325 813 1538 877 positus
1559 811 1770 862 ferrum
1794 826 1896 861 non

230 946 241 951 ἢ
309 882 560 948 patiatur
579 882 854 933 abstrahi:
887 890 984 933 aut
1004 882 1053 931 si
1074 880 1330 947 admotus
1352 886 1577 945 magnes
1597 877 1895 944 apprehen-

313 950 480 1011 derit,
518 952 716 1017 rapiat,
761 958 926 1016 atque
950 949 1191 1001 auferat.
1262 949 1500 1002 Adamas
1522 954 1579 999 et
1597 963 1811 999 venena
1832 949 1898 998 ir·

313 1020 428 1070 rita
446 1018 599 1080 facit,
639 1025 694 1070 et
733 1016 1137 1084 lymphationes
1177 1018 1371 1084 abigit,
1414 1022 1698 1082 metusque
1729 1030 1896 1066 vanos

318 1086 549 1151 expellit
569 1102 602 1138 a
624 1093 909 1138 mentezet
931 1087 1001 1137 ob
1023 1086 1080 1137 id
1105 1087 1321 1152 quidam
1346 1102 1466 1138 eum
1488 1086 1779 1137 anacbiten
1805 1100 1892 1136 vo·
1965 1092 1968 1097 ’

316 1169 533 1205 cavere.
603 1154 960 1229 Metrodorus
984 1155 1262 1221 Scepsius,
1303 1157 1360 1205 in
1382 1155 1572 1206 eadem
1602 1154 1897 1205 Germania

317 1231 377 1274 et
398 1219 614 1273 Basilia
655 1223 839 1276 insula
877 1227 1050 1285 nasci,
1089 1226 1145 1274 in
1189 1239 1297 1291 qua
1335 1230 1392 1275 et
1414 1224 1714 1283 succinum,
1756 1218 1894 1287 quod

317 1291 571 1358 equidem
597 1290 850 1359 legerim,
889 1294 1043 1345 solus
1065 1292 1230 1344 dicit:
1271 1298 1327 1344 et
1357 1292 1603 1360 praefert
1619 1291 1894 1361 Arabicis:

315 1360 462 1426 quod
487 1359 687 1412 falsum
709 1377 830 1414 esse
852 1364 973 1428 quis
996 1359 1248 1413 dubitet}

385 1428 535 1481 XVI.
589 1428 904 1489 Proximum
956 1430 1107 1495 apud
1147 1444 1248 1479 nos
1293 1429 1499 1481 indicis
1547 1429 1897 1495 Arabicisque

314 1499 640 1562 margaritis
682 1500 922 1564 pretium
943 1500 1047 1559 est;
1093 1496 1161 1551 de
1183 1499 1458 1565 quibusin
1494 1512 1638 1550 nono
1655 1497 1897 1551 diximus

314 1565 591 1618 volumine
612 1568 762 1619 inter
784 1583 871 1618 res
893 1566 1150 1618 maridas.

387 1632 586 1685 Tertia
611 1635 1267 1703 auctoritas‘smaragdis
1309 1604 1628 1702 perhibetur
1655 1634 1901 1701 pluribus
1943 1666 1954 1675 -
2009 1656 2010 1667 π

320 1702 389 1754 de
415 1703 614 1755 causis.
688 1705 910 1758 Nullius
954 1705 1162 1756 coloris
1206 1713 1461 1773 aspectus
1493 1704 1785 1756 iucundior
1806 1711 1903 1755 est.

317 1769 461 1823 Nam
504 1768 701 1849 {nerbas
743 1788 963 1839 quoque
979 1774 1223 1825 virentes
1246 1773 1576 1839 frondesque
1598 1774 1760 1823 avide
1782 1788 1901 1838 spe·

322 1845 562 1890 ctamus:
610 1842 934 1907 smaragdos
968 1858 1106 1895 vero
1130 1850 1284 1893 tanto
1307 1844 1568 1895 libentius
1587 1877 1603 1903 ,
1648 1842 1902 1908 quoniam

320 1904 457 1959 nihil
481 1911 705 1960 omnino
723 1911 954 1963 viridius
973 1919 1355 1977 comparatum
1382 1912 1494 1962 illis
1512 1910 1671 1962 viret.
1745 1909 1902 1960 Prae-

237 1996 245 2007 ·
318 1983 478 2027 terea
517 1978 622 2029 soli
665 1994 1003 2047 gemmarum
1039 1983 1288 2031 contuitu
1312 1981 1499 2031 oculos
1518 1980 1772 2044 implent,
1811 1993 1907 2029 nec

319 2046 548 2097 satiant.
571 2060 585 2069 ·
620 2047 762 2107 Quin
785 2055 843 2100 et
861 2049 931 2099 ab
951 2050 1259 2100 intentione
1281 2049 1393 2099 alia
1416 2051 1906 2113 obscuratasaspe÷

322 2119 413 2164 ctu
432 2116 708 2180 smaragdi
731 2110 1016 2168 rebreatur
1036 2118 1200 2169 acies.
1245 2117 1741 2185 scalpentibusque
1766 2130 1907 2184 gem·

319 2195 439 2232 mas
463 2196 570 2233 non
593 2184 707 2234 alia
727 2186 945 2253 gratior
965 2187 1248 2237 oculorum
1271 2185 1504 2237 refectio
1527 2192 1644 2237 est:
1676 2186 1763 2237 ita
1780 2185 1906 2237 viri-

320 2248 380 2300 di
397 2250 628 2301 lenitate
652 2254 1031 2307 lassitudinem
1056 2255 1313 2306 mulcent.
1372 2256 1668 2307 Praeterea
1689 2254 1904 2321 longin-

322 2330 433 2385 quo
457 2319 865 2383 amplificantur
884 2323 1027 2384 visu,
1048 2323 1357 2375 inlicientes
1377 2324 1526 2375 circa
1547 2338 1606 2374 se
1626 2326 1907 2391 repet-eus·

248 2442 252 2447 ,
320 2400 440 2465 sum
464 2400 627 2437 aera:
673 2403 780 2439 non
803 2389 932 2442 Sole
952 2393 1174 2452 mutati,
1218 2405 1327 2442 non
1349 2393 1565 2455 umbra,
1601 2406 1712 2443 non
1737 2392 1909 2445 lucer-

323 2468 427 2514 ms,
447 2468 772 2520 semperque
792 2459 995 2511 sensim
1019 2460 1319 2521 radiantes,
1342 2468 1400 2512 et
1417 2461 1593 2511 visum
1618 2461 1908 2512 admitten-

321 2527 428 2582 tes,
449 2520 964 2601 ad·crassitudinem
984 2529 1074 2578 sui
1086 2528 1355 2580 facilitate
1370 2531 1744 2581 translucida:
1769 2527 1908 2596 quod

324 2589 491 2670 etiam
516 2605 571 2640 tn
595 2592 754 2655 aquis
793 2607 895 2643 nos
915 2594 1087 2647 iuvat.
1162 2597 1334 2649 iidem
1358 2599 1687 2666 plerumque
1712 2607 1773 2650 et
1792 2611 1911 2649 con·

328 2672 460 2720 cavi,
487 2663 547 2709 ut
568 2661 743 2713 visum
768 2661 1054 2729 colligant.
1125 2666 1476 2734 Quapropter
1499 2667 1723 2722 dem-cto
1746 2666 1911 2719 homi·
