2017 3034
628 42 681 83 ,Α
774 68 783 73 ,
1538 82 1550 93 l

183 100 762 194 NATun.H1sT.
821 140 1511 197 Llss.xxxvl.44-4⁷.
1582 132 1669 199 ‘87

90 258 203 299 men
227 249 506 311 appareat
524 251 727 299 natura
744 246 940 299 similis
964 244 1064 307 eis,
1100 246 1269 313 quiin
1292 247 1560 314 Hispania
1579 260 1677 312 pu·

86 318 182 366 teis
206 313 555 367 effodiuntur
576 316 852 385 profunda
874 315 1187 373 altitudine.
1246 315 1360 366 Nec
1381 331 1488 366 non
1513 321 1570 366 et
1591 312 1677 367 sa·

86 383 426 435 xoinclusus
457 385 558 435 sub
589 391 742 436 terra
762 378 1058 446 invenitur,
1100 382 1538 451 extrahiturque,
1580 389 1681 434 aut

92 452 380 503 exciditur.
453 451 563 502 Sed
584 454 786 504 maiori
813 458 967 518 parte
997 451 1179 502 fossili
1206 457 1420 513 natura,
1460 450 1680 501 absolu-

16 554 17 585 3
89 527 176 571 tus
194 520 469 587 segmenti
491 521 680 582 mod0,
717 534 994 587 nunquam
1018 519 1198 571 adhuc
1221 516 1455 586 quinque
1479 521 1679 585 pedum

91 588 438 655 longitudine
461 589 715 654 amplior.
734 635 744 639 -
763 591 1069 641 Humorem
1090 588 1235 640 hunc
1254 595 1437 639 terrae
1457 587 1682 654 quidam

94 663 382 708 autumant
421 658 675 723 crystalli
715 658 880 709 modo
905 656 1154 724 glaciari.
1225 657 1300 708 Et
1337 658 1395 707 in
1439 655 1683 722 lapidem

16 778 17 781 ,
52 762 59 769 „
96 739 445 777 concrescere
466 720 761 777 manifesto
784 731 1031 792 apparet,
1046 725 1210 791 quod,
1222 741 1343 776 cum
1364 725 1518 777 ferae
1541 724 1688 792 deci·

98 794 224 846 dere
241 796 303 844 in
328 799 528 859 puteos
549 795 712 857 tales,
733 795 1010 847 medullae
1027 794 1086 844 in
1112 794 1327 845 ossibus
1349 809 1538 845 earum
1560 794 1689 860 post

16 858 19 931 J
97 877 251 915 unam
272 860 510 914 hiemem
534 863 592 912 in
614 863 842 915 eandem
863 862 1070 929 lapidis
1084 868 1338 914 naturam
1363 863 1687 930 figurantur.

16 944 19 971 ³
97 932 379 997 Invenitur
413 937 471 982 et
500 931 660 998 niger
689 931 1003 999 aliquando.
1077 929 1185 982 Sed
1216 931 1450 983 candido
1484 937 1690 982 natura

16 1008 17 1057 ἰ
99 1001 250 1061 mira,
298 1015 422 1051 cum
443 1000 515 1050 sit
535 1000 774 1051 mollitia
794 1009 947 1060 nota,
991 1000 1341 1065 perpetiendi
1366 1000 1524 1052 Soles
1547 1000 1689 1064 rigo-

16 1062 19 1127 ἶ
99 1083 317 1135 resque:
357 1084 458 1119 nec
475 1069 734 1131 senescit,
771 1073 817 1119 si
841 1068 1007 1120 modo
1030 1068 1235 1121 iniuria
1254 1083 1363 1120 non
1387 1069 1540 1129 arsit,
1564 1082 1687 1118 cum

16 1134 19 1155 ”
101 1135 206 1189 hoc
227 1140 394 1190 etiam
416 1138 474 1188 in
511 1140 810 1200 caementis
840 1139 1141 1189 multorum
1165 1151 1425 1203 generum
1452 1136 1686 1187 accidat.

99 1206 362 1257 Invenere
382 1212 440 1258 et
460 1205 625 1256 alium
653 1221 810 1257 usum
834 1207 892 1256 in
915 1205 1179 1257 ramentis
1206 1200 1439 1271 quoque,
1468 1206 1689 1256 Circum

16 1292 19 1345 j
103 1275 402 1335 maximum
422 1274 570 1327 ludis
592 1276 943 1326 Circensibus
963 1274 1262 1336 sternendi,
1279 1279 1345 1323 ut
1371 1272 1446 1333 sit
1466 1275 1522 1322 in
1540 1285 1689 1322 com·

16 1352 21 1429 Ι
102 1341 451 1397 menda'tione
470 1343 692 1395 candor.
758 1353 765 1357 ’
788 1362 795 1365 ⁴
1327 1384 1334 1395 ,
1489 1390 1506 1403 ‚

188 1411 389 1465 XLVI.
424 1412 639 1485 Nerone
672 1411 919 1478 principe
954 1411 1012 1462 in
1050 1408 1401 1476 Cappadocia
1436 1413 1691 1481 repertus

103 1486 187 1533 est
203 1482 348 1547 lapis
372 1480 574 1531 duritia
597 1482 919 1543 marmoris,
963 1480 1229 1533 candidus
1264 1484 1432 1545 atque
1453 1476 1693 1529 translu-

16 1606 19 1627 ἰ
105 1565 247 1611 cens,
274 1551 444 1600 etiam
471 1565 577 1617 qua
597 1556 756 1616 parte
780 1549 963 1600 fulvae
986 1549 1294 1600 inciderant
1313 1561 1506 1608 venae,
1521 1561 1589 1598 ex
1608 1560 1696 1597 ar-

100 1623 369 1693 gumento,
405 1617 701 1685 phengites
735 1618 1063 1684 appellatus.
1136 1619 1262 1684 Hoc
1302 1621 1696 1668 construxerat

102 1687 296 1739 aedem
317 1687 615 1749 Fortunae,
639 1702 797 1752 quam
822 1686 1005 1749 Seiam
1021 1687 1367 1759 appellant,a
1389 1685 1583 1737 Servio
1608 1700 1693 1736 re·

101 1771 165 1823 ge
187 1761 491 1816 sacratam,
529 1770 697 1806 aurea
717 1756 879 1806 domo
900 1757 1237 1821 complexus.
1310 1756 1497 1816 Quare
1520 1753 1695 1805 etiam

100 1824 310 1875 foribus
336 1825 544 1889 opertis
566 1825 808 1876 interdiu
831 1828 1059 1877 claritas
1077 1825 1156 1877 ibi
1179 1823 1375 1874 diurna
1397 1829 1536 1884 erat,
1579 1822 1693 1873 alio

56 1880 79 1903 ⁸
101 1908 263 1958 quam
284 1893 650 1974 specularium
671 1894 854 1955 modu,
875 1901 1134 1960 tanquam
1157 1893 1372 1943 inclusa
1386 1893 1509 1942 luce
1524 1926 1540 1953 ,
1581 1905 1694 1940 non

100 1966 442 2014 transmissa.
511 1965 572 2013 ln
616 1964 817 2014 Arabia
857 1976 1074 2030 quoque
1116 1975 1237 2012 esse
1277 1961 1520 2026 lapidem
1560 1960 1694 2009 vitri

101 2031 265 2081 modo
288 2030 691 2093 translucidum
711 2067 728 2095 ,
768 2042 875 2099 quo
915 2034 1147 2082 utuntur
1170 2042 1271 2095 pro
1294 2027 1692 2095 specularibuS,

101 2098 234 2150 luba
253 2104 452 2150 auctor
471 2106 576 2150 est.
1163 2104 1164 2107 ’
1223 2152 1236 2163 ,
1565 2130 1578 2137 -

164 2165 397 2220 XLVII.
434 2167 594 2218 Nunc
614 2166 685 2218 ad
716 2168 998 2233 operarios
1028 2164 1246 2231 lapides
1274 2164 1539 2215 transisse
1561 2177 1690 2215 con·
1741 2203 1743 2205 .

101 2236 313 2298 veniat,
333 2236 682 2302 primumque
703 2242 855 2287 cotes
880 2234 1032 2286 ferro
1058 2234 1323 2285 acuendo.
1393 2233 1574 2284 Multa
1607 2246 1697 2284 ea·

102 2317 223 2356 rum
248 2319 478 2372 genera:
526 2307 782 2356 Creticae
806 2304 899 2354 diu
922 2303 1217 2354 maximam
1238 2300 1459 2354 laudem
1484 2299 1693 2354 habue-

100 2387 189 2426 re:
235 2372 870 2443 secundam‘Laconicae
893 2388 961 2423 ex
982 2374 1244 2439 Taygeto
1269 2377 1471 2432 monte,
1515 2377 1698 2421 utrae-

105 2455 204 2508 que
245 2444 376 2495 oleo
416 2442 746 2510 indigentes.
836 2443 989 2492 Inter
1025 2442 1278 2507 aquarias
1317 2440 1530 2492 Naxiae
1572 2440 1696 2490 laus

103 2515 347 2563 maxima
369 2511 491 2572 fuit,
533 2525 660 2562 mox
689 2513 1067 2569 Armeniacae,
1108 2510 1176 2561 de
1207 2507 1400 2576 quibus
1433 2509 1697 2559 diximus.

103 2577 187 2632 Ex
209 2581 336 2633 oleo
364 2585 585 2646 etaqua
607 2579 834 2630 Ciliciae
855 2577 1070 2645 pollent
1090 2612 1106 2638 ‚
1144 2592 1212 2629 ex
1233 2591 1379 2644 aqua
1401 2572 1701 2625 Arsinoeti·

108 2662 216 2701 cae.
256 2651 536 2716 Repertae
557 2654 685 2700 sunt
706 2654 762 2700 et
782 2648 842 2698 in
860 2645 1030 2698 Italia
1051 2659 1193 2712 aqua
1213 2642 1500 2697 trahentes
1522 2640 1697 2692 aciem
