2017 3034
204 182 210 197 '
264 166 579 225 NATUR.
622 169 849 224 HlST.
892 166 1059 223 Lm.
1098 168 1357 225 XXXV.
1397 166 1598 224 38-40.
1668 167 1757 226 31‘

136 274 429 335 tabellam,
472 288 614 342 quae
635 277 836 326 vocata
859 277 949 325 est
967 273 1348 338 Hemeresios,
1369 269 1558 343 ‘puero'
1568 276 1742 343 picto.

138 345 365 397 Amavit
388 345 450 394 in
493 344 719 395 iuventa
739 344 1045 412 Glyceram
1079 344 1411 411 municipem
1434 359 1619 409 suam,
1662 347 1743 398 in·

139 412 451 464 venti-icem*
467 425 825 475 coronarum,
869 410 1248 478 certandoque
1268 412 1586 473 imitatione
1607 415 1745 477 eius,

141 481 211 533 ad
236 480 750 534 numerosissimam
774 481 972 551 florum
996 481 1328 534 varietatem
1369 481 1631 548 perduxit
1652 499 1742 534 ar-

140 558 253 603 tem
277 549 455 602 illam.
504 550 795 602 Postremo
818 551 1003 617 pinxit
1022 551 1175 602 illam
1198 551 1484 602 sedentem
1509 566 1628 603 cum
1651 566 1742 603 co-

143 630 303 681 rona,
346 634 490 687 quae
530 635 561 671 e
603 619 969 677 nobilissimis
1003 622 1118 671 eius
1142 619 1337 670 tabula
1356 619 1640 686 appellata
1662 628 1747 672 est

142 687 619 755 Stephaneplocos
634 722 649 749 ,
696 688 766 739 ab
806 689 936 741 aliis
978 686 1438 756 Stephanopolis,
1484 692 1760 755 quoniamx

141 755 391 824 Glycera
431 756 773 809 venditando
815 772 1051 810 coronas
1074 764 1490 810 sustentaverat
1513 773 1746 825 pauper-

140 832 337 877 tatem.
392 826 592 885 Huius
615 826 842 879 tabulae
865 827 1179 892 exemplar,
1222 827 1367 893 quod
1390 827 1749 894 apographon
1795 836 1806 843 ·

139 901 376 1017 rogant,
420 895 487 946 L.
509 894 778 947 Lucullus
802 894 1020 948 duob-us
1043 896 1273 949 talentis
1294 896 1434 949 emit
1457 897 1747 964 Dionysii:

116 965 180 1017 ‚A
248 964 389 1016 enisz
546 1008 549 1011 .

208 1033 303 1084 24.
341 1032 579 1092 Pausias
603 1030 787 1085 autem
810 1034 947 1087 fecit
971 1039 1029 1086 et
1050 1034 1288 1101 grandes
1325 1035 1563 1099 tabulas,
1600 1038 1745 1087 sicut

138 1109 460 1170 spectatam
496 1101 551 1152 in
575 1101 830 1169 Pompeii
865 1104 1170 1171 porticibus
1205 1105 1370 1155 boum
1398 1104 1742 1157 immolatio·
1831 1102 1838 1109 '

137 1187 285 1224 nem.
372 1172 516 1224 Eam
559 1175 701 1223 enim
745 1175 1021 1238 picturam
1063 1173 1273 1239 primus
1307 1173 1539 1236 invenit,
1579 1189 1745 1240 quam

135 1247 342 1308 postea
360 1241 572 1293 imitati
583 1248 715 1292 sunt
727 1242 912 1303 multi,
925 1243 1185 1309 aequavit
1201 1256 1380 1293 nemos
1400 1245 1542 1293 Ante
1560 1243 1747 1295 omnia
1777 1286 1788 1307 ,

139 1323 269 1361 cum
292 1309 703 1378 longitudinem
722 1311 888 1363 *bovis
918 1309 1216 1362 ostendere
1233 1309 1423 1371 vellet,
1454 1308 1744 1361 adversum
1775 1314 1788 1369 .·

138 1392 266 1430 eum
292 1379 497 1446 pinxit,
519 1392 629 1430 non
653 1384 1060 1431 transversum:
1092 1383 1150 1431 et
1171 1377 1388 1429 abunde
1409 1379 1748 1446 intelligitur

138 1447 474 1514 amplitudo.
514 1447 660 1501 Dein
683 1450 803 1500 cum
827 1462 1042 1510 omnes,
1063 1461 1205 1514 quae
1227 1446 1422 1499 volunt
1446 1449 1748 1517 eminentia

137 1517 339 1578 videri,
365 1517 721 1569 candicantia
741 1516 970 1579 faciant,
992 1517 1351 1584 coloremque
1375 1517 1639 1570 condiant
1661 1520 1744 1569 ni·
1779 1576 1784 1585 f

134 1600 272 1654 μιν.
314 1585 407 1638 hic
431 1592 611 1639 totum
634 1588 832 1639 bovem
855 1587 970 1638 atri
988 1587 1197 1639 coloris
1221 1586 1372 1648 fecit,
1409 1589 1747 1654 umbraeque
1776 1596 1784 1641 ἑ

137 1669 350 1726 eorpus
389 1670 466 1713 ex⁴
501 1656 626 1723 ipso
650 1655 823 1719 dedit,
865 1670 1069 1724 magna
1089 1670 1317 1722 prorsus
1338 1660 1464 1708 arte
1484 1656 1543 1707 in
1566 1671 1745 1723 aequo

135 1727 421 1780 exstantia
459 1727 789 1790 ostendens,·
819 1731 878 1784 et
910 1724 1294 1787 inmun-aeto
1327 1724 1512 1778 solida
1536 1728 1742 1777 omnia.

132 1797 388 1866 Sicyone
411 1803 469 1848 et
492 1796 584 1849 hie
602 1797 774 1846 vitam
796 1795 932 1862 egit,
983 1794 1187 1861 diuque
1207 1794 1317 1846 fuit
1338 1794 1440 1846 illa
1460 1795 1649 1861 patria
1669 1797 1747 1862 pi·

134 1873 358 1920 cturae.
433 1866 684 1918 Tabulas
705 1864 833 1916 inde
855 1880 885 1916 e
908 1864 1132 1931 publico
1170 1877 1361 1916 omnes
1396 1869 1628 1930 propter
1651 1880 1745 1915 aes

130 1935 387 1989 alienum
409 1935 658 1988 civitatis
676 1934 950 1997 addictas,
991 1933 1192 1987 Scauri
1227 1931 1490 1986 aedilitas
1513 1933 1745 1987 Romam

128 2005 451 2058 transtulit.
532 2036 536 2039 »
646 2046 651 2051 ,
719 2032 736 2045 -
1335 2030 1348 2043 f

109 2103 127 2113 ν
205 2073 297 2128 25.
335 2073 473 2127 Post
494 2088 617 2127 eum
642 2073 880 2126 eminuit
917 2073 1086 2140 longe
1119 2075 1251 2133 ante
1282 2084 1473 2123 omnes
1494 2070 1744 2138 Euphra-

126 2157 242 2207 nor
286 2142 575 2206 Isthmius,
617 2142 950 2212 Olympiade
993 2140 1316 2194 centesima·
1340 2146 1556 2206 quarta,
1596 2141 1745 2197 idem

128 2213 239 2282 qui
259 2213 413 2266 inter
430 2213 656 2265 fictores
681 2212 866 2265 dictus
897 2216 984 2264 est
1003 2224 1039 2260 a
1056 2208 1236 2262 nobis.
1307 2208 1468 2262 Fecit
1486 2216 1545 2262 et
1566 2212 1744 2267 colos·

124 2296 261 2336 sos:
284 2288 363 2335 ‘et
382 2295 680 2344 marmora,
711 2295 777 2334 ae
796 2279 1042 2349 scyphos
1065 2278 1324 2345 scalpsit:
1362 2277 1559 2342 docilis
1579 2293 1645 2333 ac
1663 2282 1742 2333 la·

124 2351 401 2405 bor-iosus
421 2355 554 2404 ante
577 2365 783 2415 omnes,
822 2357 880 2404 et
899 2350 955 2400 in
979 2361 1308 2416 quocunque
1330 2360 1534 2415 genere
1556 2350 1741 2403 excel-

126 2421 283 2484 lens,
326 2436 394 2474 ac
431 2420 543 2472 sibi
561 2421 838 2486 aequalis.
911 2419 1025 2473 Hic
1044 2418 1256 2485 primus
1278 2416 1501 2469 videtur
1524 2433 1745 2485 expres-

130 2490 287 2542 sisse
310 2490 614 2558 dignitates
635 2487 895 2551 hernnm,
932 2493 991 2540 et
1011 2500 1315 2553 usurpasse
1338 2486 1743 2554 symmetriam.

130 2558 253 2616 sed
272 2558 386 2612 fuit
405 2559 772 2612 universitate
796 2569 1091 2624 corporum
1116 2554 1337 2616 exilior,
1358 2554 1635 2620 capitibus
1659 2567 1746 2604 ar·

131 2627 443 2695 titulisque
464 2626 744 2695 grandior.
775 2624 1076 2682 Volumina
1099 2638 1318 2691 quoque
1337 2619 1646 2687 composuit
1674 2619 1745 2670 de

133 2698 473 2765 symmetria
493 2703 552 2750 et
574 2696 875 2752 coloribus.
948 2694 1136 2761 Opera
1156 2694 1273 2745 eius
1297 2697 1443 2750 sunt,
1489 2693 1743 2754 equestre
