2017 3034
296 141 604 197 NATUR·
649 145 874 200 HIST.
926 144 1091 199 LIB.
1137 148 1397 204 XXXV·
1435 152 1521 205 36.
1652 156 1718 211 19

107 246 303 298 verbis
322 246 628 313 principem
653 248 790 301 artis
804 285 825 313 ,
860 255 920 302 et
939 265 1062 303 eam
1087 251 1155 302 ab
1170 242 1239 304 'se
1260 262 1733 312 consummatam

16 358 19 363 .
105 313 299 381 Super
320 316 505 368 omnia
515 317 786 384 Apollinis
805 334 867 371 se
891 320 1082 372 radice
1103 326 1310 375 ortums
1327 330 1389 374 et
1402 323 1734 387 Herculem„

109 385 213 451 qui
257 390 349 436 est
378 384 580 447 Lindi,
624 386 850 445 talenta
870 404 947 441 se·
967 390 1194 456 pictum,
1236 392 1454 458 qualem
1475 407 1641 462 saepe
1664 394 1723 444 in

114 454 313 522 quiete
336 452 581 506 vidisset.
655 457 807 524 Ergo
824 459 1049 526 ,magnis
1069 459 1354 528 suffragiis
1374 469 1667 527 superatus
1690 477 1723 514 a

112 521 422 575 Timanthe
443 521 612 586 Sami,
628 523 684 575 in
695 526 863 579 Aiace
885 542 1274 601 armorumque
1293 527 1519 592 iudici0,
1536 529 1722 582 herois

80 650 83 653 ,
113 592 351 643 nomine
373 606 436 642 se
457 592 694 646 moleste
717 594 862 647 ferre
883 597 1122 659 dicebat,
1156 598 1302 665 quod
1322 598 1523 650 iterum
1548 599 1617 651 ab
1638 601 1720 650 in-

116 660 292 728 digno
324 663 501 712 victus
525 669 688 715 esset.
762 663 950 716 Pinxit
993 673 1051 719 et
1074 669 1381 720 minoribus
1402 668 1626 721 tabellis
1654 670 1721 718 li·

116 730 362 792 bidines,
384 744 450 783 eo
472 746 677 797 genere
697 735 1001 800 petulantis
1026 736 1135 789 ioci
1157 752 1219 789 se
1240 737 1514 790 reficiens.

191 800 245 851 6.
261 799 407 851 Nam
426 800 714 853 Timanthi
736 804 827 855 vel
844 804 1138 872 plurimum
1155 806 1328 858 affuit-
1339 807 1563 875 ingenii.
1584 808 1723 859 Eius

1752 828 1760 861 l
1859 854 1862 861 f

119 870 271 921 enim
294 875 381 921 est
392 868 696 938 Iphigenia,
718 880 1005 929 oratorum
1029 875 1285 931 laudibus
1308 876 1604 939 celebrata,
1617 891 1726 944 qua

121 934 310 990 stante
330 937 403 989 ad
416 953 544 990 aras
555 941 820 1007 peritura,
836 958 957 994 cum
973 950 1217 996 moestos
1228 946 1502 1011 pinxisset
1516 960 1724 1007 omnes,
1755 972 1762 981 ·

120 1007 421 1074 praecipue
462 1014 737 1079 patruum,
778 1018 836 1063 et
877 1012 1146 1079 tristitiae
1182 1029 1398 1068 omnem
1421 1015 1722 1082 imaginem

118 1159 228 1212 gne
249 1162 358 1197 non
384 1152 612 1213 poterat
637 1152 943 1202 ostendere.
992 1151 1135 1204 Sunt
1156 1158 1213 1205 et
1232 1153 1346 1207 alia
1365 1155 1579 1222 ingenii
1603 1155 1722 1205 eius

121 1215 485 1281 exemplaria,
529 1217 706 1269 veluti
727 1220 967 1286 Cyclops
991 1220 1272 1274 dormiens
1295 1223 1352 1274 in
1390 1222 1623 1289 parvula
1643 1232 1724 1272 ta·

123 1283 297 1335 bellat
325 1287 481 1335 cuius
505 1293 562 1336 et
579 1287 659 1335 sic
679 1287 1122 1353 magnitudinem
1143 1289 1454 1356 exprimere
1477 1290 1722 1356 cupiens,

127 1353 303 1419 pinxit
324 1354 486 1404 iuxta
502 1353 764 1421 Satyros,
781 1354 978 1422 thyrso
1003 1357 1265 1421 pollicem
1278 1358 1396 1409 eius
1408 1360 1719 1411 metientes.

124 1426 299 1489 Atque
318 1420 387 1475 h
409 1423 663 1474 omnibns
687 1427 807 1476 eius
820 1426 1081 1492 operibus
1094 1426 1433 1495 intelligitur
1447 1429 1568 1493 plus
1580 1442 1722 1480 sem·

16 1522 19 1561 ἓ
124 1506 236 1558 per,
263 1507 425 1558 quam
452 1494 728 1559 pingitur:
751 1500 808 1546 et
829 1509 954 1545 cum
977 1509 1067 1546 ars
1090 1510 1303 1547 summa
1324 1499 1415 1557 sit,
1440 1499 1493 1547 in
1537 1499 1720 1549 eninm

16 1584 21 1621 χ
121 1571 309 1613 tamen
329 1562 481 1614 ultra
501 1569 682 1615 artem
706 1569 811 1616 est.
868 1563 1059 1615 Pinxit
1085 1571 1142 1616 et
1163 1567 1357 1617 Heron
1375 1568 1506 1619 abso
1533 1567 1722 1625 utissi-

18 1632 21 1655 ἶ
123 1632 196 1681 mi
220 1632 428 1697 operis,
470 1638 646 1685 artem
691 1635 865 1699 ipsam
900 1634 1222 1699 complexus
1251 1638 1400 1686 viros
1426 1635 1716 1704 pingendi:

118 1699 267 1767 quod
292 1712 429 1767 opus
453 1703 826 1754 nuncRomae
847 1703 903 1761 in
927 1704 1132 1768 templo
1157 1703 1316 1756 Pacis
1340 1715 1440 1757 est.

104 1808 113 1815 .
189 1770 240 1820 7.
283 1768 599 1821 Euxenidas
638 1768 741 1822 hac
787 1777 972 1823 aetate
1011 1772 1204 1824 docuit
1233 1775 1527 1834 Aristidem
1563 1788 1715 1839 prae·

120 1837 684 1891 clarum'artiflcem:
747 1840 1069 1907 Eupompus
1108 1840 1460 1909 Pamphilum
1503 1841 1715 1908 Apellis

120 1916 558 1976 praeceptorem.
583 1909 686 1960 Est
699 1910 972 1977 Eupompi
994 1910 1173 1961 victor
1187 1926 1247 1963 ce
1255 1912 1489 1963 rtamine
1500 1912 1715 1979 gymni-

118 1993 182 2029 eo
206 1978 451 2044 palmam
475 1985 685 2031 tenens.
757 1980 936 2045 Ipsius
960 1982 1273 2032 auctoritas
1305 1986 1463 2032 tanta
1483 1979 1612 2041 fuit,
1655 1986 1718 2028 ut
1798 1990 1803 2001 ·

113 2047 377 2100 diviserit
400 2046 671 2114 picturam
693 2048 747 2100 in
769 2064 977 2116 genera
997 2049 1129 2112 tria,
1148 2064 1287 2119 quae
1309 2056 1442 2101 ante
1465 2062 1588 2101 eum
1608 2048 1716 2098 duo

92 2115 303 2181 ’fueret
348 2117 721 2180 Helladicum,
763 2124 820 2170 et
841 2117 988 2184 quod
1009 2118 1312 2169 Asiaticum
1347 2117 1714 2186 appellabant.

116 2184 363 2252 Propter
402 2183 549 2237 hunc
585 2187 679 2255 qui
709 2193 831 2239 erat
849 2187 1168 2253 Sicyonius,
1211 2186 1393 2238 diviso
1420 2186 1716 2240 Helladico

114 2256 231 2309 tria
253 2254 407 2308 facta
426 2261 582 2306 sunt:
606 2257 872 2319 lonicum,
894 2256 1240 2324 Sicyonium,
1259 2258 1518 2308 Atticum.

185 2325 239 2376 82
278 2325 578 2390 Pamphili,
614 2327 876 2394 cognatio
898 2332 956 2378 et
994 2325 1265 2390 proelium
1289 2327 1356 2377 acl
1381 2325 1717 2385 Phliuntem,
1755 2360 1763 2373 .

112 2395 441 2447 “victoria
461 2392 903 2448 Atheniensium:
927 2395 1059 2446 item
1083 2394 1312 2461 Ulysses
1334 2395 1388 2446 in
1413 2402 1554 2451 rate.
1593 2394 1717 2461 lpse

119 2462 357 2515 Macedo
374 2464 621 2527 natione,
643 2463 741 2518 sed
766 2465 975 2531 primus
999 2462 1054 2518 in
1077 2463 1295 2530 pictura
1318 2464 1571 2516 omnibus
1591 2462 1713 2513 lite·

114 2532 199 2584 tis
219 2532 504 2595 eruditus,
546 2535 844 2600 praecipue
881 2530 1234 2586 arithmetice
1265 2539 1325 2585 et
1354 2530 1712 2600 geometrice,

112 2599 240 2655 sine
262 2598 465 2668 quibus
487 2602 733 2669 negabat
754 2607 932 2653 artem
952 2601 1147 2668 perlici
1166 2615 1346 2667 posse.
1387 2600 1596 2671 Docuit
1620 2610 1712 2646 ne·

118 2668 323 2723 minem
370 2670 602 2724 minoris
643 2673 857 2724 talento
880 2670 1043 2723 annis
1065 2670 1302 2785 deceli3n=2
1325 2681 1486 2732 quam
1513 2676 1714 2714 merce-

16 1074 17 1127 }
88 1077 540 1140 »consumsissen
576 1080 755 1146 patris
775 1082 945 1148 ipsius
965 1082 1179 1134 vultum
1204 1080 1428 1150 velavit,
1460 1100 1621 1152 quem
1644 1083 1723 1134 di·
1753 1100 1758 1109 ·

1748 2456 1754 2491 ε’
