2017 3034
250 106 261 117 ’
296 153 611 207 NATUR.
655 152 878 207 msT.
916 153 1000 209 LI
1020 155 1084 207 B.
1127 154 1411 211 xxxvn.
1449 154 1542 210 11.
1615 153 1730 239 105·

114 262 300 311 etrum
341 256 582 308 fluitans.
658 253 914 309 Mnaseas
954 257 1177 309 Africae
1205 259 1387 310 locum
1420 259 1715 327 Sicyonem

118 327 378 394 appellat
396 362 423 387 ,‚
454 332 510 376 et
530 325 760 376 Crathin
784 342 998 377 amnem
1022 329 1078 377 in
1101 328 1377 378 Oceanum
1401 329 1717 379 effluentem

123 412 155 451 e
176 397 326 457 lacu,
366 395 421 444 in
444 408 550 459 quo
574 409 733 456 aves,
769 410 905 461 quas
927 381 1307 461 Meleagridas
1330 402 1386 448 et
1410 397 1717 464 Penelopas

122 472 319 517 vocat:
366 470 422 515 et
443 478 571 515 vere
595 463 670 513 ibi
694 467 870 525 nasci,
912 467 1134 515 ratione
1156 465 1377 525 eadem,
1424 481 1530 531 qua
1551 481 1720 533 supra

122 533 334 585 dictum
352 539 441 589 ,est
465 532 535 583 de
559 532 842 583 Electride
868 534 1009 583 lacu.
1031 533 1398 595 'l'heomenes,
1419 537 1573 584 iuxta
1585 534 1721 601 Syr:

121 604 224 654 tim
271 617 532 669 magnam
576 599 797 650 hortum
832 603 1204 669 Hesperidum
1238 618 1378 664 esse,
1422 619 1490 653 ex
1525 617 1633 668 quo
1663 602 1724 652 in
1777 596 1808 655 Ο

125 679 382 739 stagnum
409 670 588 729 cadat,
603 670 789 736 colligi
812 685 946 722 vero
968 672 1321 738 avirginibus
1338 671 1722 736 Hesperidum.

129 741 348 791 Ctesias
368 739 518 792 Indis
541 738 747 789 flumen
771 754 893 790 esse
913 740 1296 805 Hypobarum,
1322 752 1428 806 quo
1453 740 1725 790 vocabulo

82 840 105 859 .-
130 809 471 876 significetur
491 809 677 858 omnia
700 809 753 857 in
780 824 838 858 se
861 806 1010 858 ferre
1034 808 1203 859 bona:
1230 808 1400 859 fluere
1420 823 1454 858 a
1475 807 1724 874 Septem·

130 878 316 929 trione
354 877 412 925 in
456 879 761 927 exortivum
790 878 1070 928 Oceanum
1113 877 1275 927 iuxta
1296 884 1537 928 montem
1564 877 1729 928 silve·

131 954 299 998 strem
335 944 924 1011 arboribuspelectrum
952 944 1279 997 ferentibus.
1353 947 1592 999 Arbores
1631 958 1759 996 eas.

132 1013 483 1083 siptachoras
528 1016 743 1075 vocari,
802 1028 910 1080 qna
954 1016 1333 1081 appellatione
1375 1010 1727 1082 ‘significetur

131 1076 453 1149 praeduicis
485 1084 754 1133 suavitas.
823 1079 1187 1152 Mithridates
1224 1085 1279 1134 in
1305 1084 1642 1136 Germaniae
1664 1066 1772 1147 liu}

130 1153 347 1204 toribus
370 1166 491 1201 esse
512 1152 768 1214 insulam,
805 1153 992 1203 vocari
1035 1167 1104 1203 ue
1127 1154 1602 1213 eam-Oserictam,
1633 1167 1724 1204 ce·
1753 1162 1760 1173 ‘

129 1222 213 1273 dri
236 1235 444 1288 genere
465 1220 755 1270 silvosam:
779 1220 907 1272 inde
931 1222 997 1271 de
1043 1236 1174 1273 uere
1197 1223 1254 1270 in
1279 1219 1483 1286 petras.
1536 1222 1726 1270 Xeno·

131 1298 312 1341 crates
334 1304 443 1340 non
465 1290 746 1340 succinum
770 1295 988 1339 tantum
1022 1290 1077 1338 in
1100 1289 1290 1348 ltalia,
1328 1303 1517 1338 verum
1556 1289 1728 1338 etiam

127 1358 307 1426 thyon
328 1357 536 1418 vocari,
551 1374 584 1409 a
602 1357 825 1425 Scythis
845 1372 979 1408 vero
1002 1358 1266 1417 merium,
1288 1359 1548 1423 quoniam
1571 1362 1628 1406 ct
1645 1355 1731 1406 ibi

127 1433 412 1480 nascatur.
483 1427 635 1478 Alios
682 1434 876 1493 putare
917 1428 972 1476 in
1006 1425 1270 1477 Numidia
1310 1426 1503 1493 gignis
1551 1423 1731 1490 Super

131 1502 325 1550 omnes
348 1499 447 1549 esf
455 1494 757 1562 Sophocles
782 1495 1026 1563 tragicus
1066 1503 1260 1562 poeta,
1308 1496 1451 1561 quod
1476 1494 1731 1559 equidem

129 1567 307 1619 miror
346 1572 509 1616 tanta
547 1563 825 1633 gravitate
866 1561 1143 1625 cothurni,
1188 1571 1244 1615 et
1266 1571 1558 1629 praeterea
1581 1564 1731 1614 vitae

128 1635 298 1697 fama,
340 1634 479 1685 alias
500 1635 750 1700 principe
772 1633 896 1684 loco
918 1634 1142 1700 genitus
1164 1631 1412 1694 Athenis,
1443 1633 1607 1682 rebus
1632 1646 1727 1698 ge-

129 1705 262 1766 stis,
307 1704 559 1755 exercitu
584 1703 773 1755 ducto.
844 1704 954 1753 Hic
978 1703 1126 1754 ultra
1145 1701 1355 1754 indiam
1389 1701 1512 1751 fieri
1535 1701 1674 1750 dixit
1698 1713 1730 1751 e

127 1773 378 1825 lacrimis
390 1769 791 1838 Meleagridum
819 1775 999 1823 avium
1019 1769 1364 1836 Meleagrum
1389 1770 1729 1820 deflentium.

130 1840 295 1904 Quod
319 1847 379 1892 et
404 1840 707 1892 credidisse
729 1855 871 1900 eum,
897 1841 984 1893 vel
1006 1854 1260 1906 sperasse
1283 1840 1412 1891 aliis
1437 1837 1733 1903 persuade·

128 1912 176 1962 ri
203 1925 392 1977 posse,
431 1912 553 1976 quis
577 1924 685 1959 non
708 1909 978 1961 miretur?
1016 1922 1246 1976 quamve
1282 1907 1579 1972 pueritiam
1614 1912 1734 1957 tam

129 1980 455 2046 imperitam
500 1993 663 2043 posse
692 1980 948 2044 reperiri,
989 1993 1131 2044 quae
1158 1975 1336 2026 avium
1364 1974 1612 2039 ploratus
1636 1987 1732 2022 an-

130 2064 273 2100 nuos
317 2047 532 2109 credat,
576 2046 907 2097 lacrimasve
945 2052 1061 2096 tam
1103 2040 1373 2110 grandes,
1414 2054 1651 2105 avesque
1698 2053 1731 2091 e

131 2116 501 2178 Graecianum
513 2114 803 2182 Meleager
824 2113 1004 2181 periit,
1030 2108 1308 2179 ploratum
1333 2109 1444 2159 isse
1463 2108 1520 2158 in
1535 2106 1733 2158 indos‘l

128 2184 279 2249 Quid
303 2199 366 2235 er
404 2183 476 2234 οἵ
514 2199 622 2234 non
646 2185 819 2234 multa
843 2180 1021 2248 aeque
1059 2179 1316 2247 fabulosa
1336 2179 1575 2243 produnt
1601 2191 1732 2244 poe·

88 2310 91 2313 ,
132 2254 265 2307 ὲοθέ
289 2253 363 2305 Se
423 2250 529 2304 hoc
549 2268 617 2304 ea
636 2252 953 2317 in're‚quae
973 2248 1222 2314 quotidie
1241 2246 1554 2301 inveniatur
1568 2254 1735 2313 atque

135 2321 400 2383 abundet,
440 2328 498 2373 et
534 2319 640 2371 hoc
677 2319 1025 2372 mendacium
1048 2322 1346 2382 coarguat,
1389 2318 1540 2367 serio
1559 2330 1732 2382 quen·

106 2408 115 2416 ·
136 2406 300 2459 quam
325 2390 557 2450 dixisse,
573 2403 790 2440 summa
811 2386 1095 2438 hominum
1120 2382 1421 2436 contemtio
1445 2392 1547 2448 est,
1573 2393 1631 2437 et
1652 2385 1736 2436 in-

134 2459 432 2515 toleranda
460 2456 863 2510 mendaciorum
890 2454 1206 2519 impunitas.

203 2529 258 2582 2.
297 2530 527 2581 Certum
575 2533 664 2579 est
705 2525 857 2592 gigni
911 2523 969 2573 in
1010 2522 1207 2573 insulis
1247 2520 1732 2590 Septemtrionalis
1787 2522 1802 2543 ²

32 2599 42 2607 '
141 2596 371 2657 Oceani,
410 2601 470 2647 et
491 2610 527 2646 a
548 2594 842 2659 Germanis
864 2591 1137 2659 appellari
1196 2591 1424 2642 lessumz
1466 2592 1653 2654 itaque
1677 2595 1735 2639 et

142 2678 177 2719 a
194 2666 407 2728 nostris
448 2679 617 2716 unam
655 2662 962 2716 insularum
994 2661 1065 2715 ob
1095 2659 1157 2713 id
1255 2668 1358 2741 92⁸3..
1411 2658 1521 2708 'am
1551 2656 1734 2722 appel·
