2017 3034
113 192 118 197 .
208 111 553 203 ⁸mrun.
594 147 816 203 ms'r.
857 119 1553 209 L13.‘xitxv1.‘o⁷-oo.
1660 109 1765 209 οέ

12 292 13 305 ἶ
58 292 69 309 ,
112 253 484 322 appellatum.
557 251 651 305 Fit
675 258 732 304 et
754 253 960 317 album,
996 260 1055 308 et
1075 254 1438 319 muri-binum,
1474 264 1571 310 ant
1591 257 1729 328 hya-

12 334 15 347 *
114 322 339 375 ciathos
363 320 765 389 sapphirosque
787 324 1095 387 imitatum,
1127 332 1185 377 et
1206 326 1458 378 omnibus
1482 328 1610 381 aliis
1637 344 1727 380 co-

12 440 13 443 ,
113 393 355 444 loribus.
426 393 545 444 Nec
583 397 670 444 est
700 392 813 443 alia
844 408 990 444 nunc
1015 395 1255 446 materia
1282 397 1591 463 sequacior,
1630 405 1729 453 aut

118 463 288 514 etiam
336 462 595 528 picturae
637 462 1131 514 accommodatior.
1211 464 1499 517 Maximus
1543 473 1727 519 tamen

12 576 15 583 .
117 528 300 584 honos
340 533 400 582 in
441 530 683 582 candido
725 532 1223 595 translucentibus,
1265 549 1430 600 quam
1475 538 1729 602 proxima

12 646 15 651 .
117 601 377 669 crystalli
407 598 802 653 similitudine.
879 600 1021 651 Usus
1056 617 1188 654 vero
1223 604 1291 654 ad
1317 604 1618 670 potandum
1639 620 1727 657 ar-

12 690 33 707 f·
115 671 273 739 genti
316 668 553 722 metalla
590 675 650 720 et
685 671 803 719 auri
840 671 1075 736 pepulit.
1148 673 1251 723 Est
1292 680 1479 725 autem
1523 675 1729 725 caloris

118 810 264 877 'aqua
282 811 500 861 vitreae
522 809 669 874 pilae
694 808 824 861 Sole
849 809 1089 861 adverso
1113 810 1172 861 in
1203 816 1420 863 tantum
1463 814 1732 866 excande-

117 886 295 943 scant,
325 886 389 930 ut
422 886 610 929 vestes
644 884 917 930 exurant-
974 879 1316 947 Fragmenta
1342 888 1601 949 teporata
1639 896 1733 950 ag·

117 951 476 1017 glutinantur
501 953 749 998 tantum:
786 963 982 999 rursus
1021 955 1145 1000 tota
1171 949 1339 1007 fundi
1369 968 1479 1003 non
1506 961 1732 1020 queunt,

116 1026 510 1086 praeterquam
555 1019 793 1083 abrupta
833 1018 1075 1070 sibimet.
1148 1021 1341 1088 Tingit
1380 1036 1469 1073 ars
1487 1042 1509 1085 ¹,
1552 1023 1744 1081 veluti

117 1105 239 1140 eum
267 1088 477 1138 calculi
499 1088 660 1148 fiunt,
704 1102 840 1154 quos
875 1088 1101 1154 quidam
1137 1091 1403 1143 abaculos
1424 1092 1733 1158 appellant⁹

116 1159 345 1225 aliquos
367 1161 539 1209 etiam
561 1157 812 1223 pluribus
835 1157 1018 1208 modis
1048 1160 1431 1214 versicolores.
1510 1163 1732 1216 vitrum

115 743 435 807 impatiens,
469 739 525 789 ni
546 738 846 804 praecedat
869 738 1112 806 frigidus
1134 741 1351 807 liquor:
1388 758 1512 795 cum
1539 712 1791 953 additaN

12 1210 15 1281 s·
114 1227 377 1294 sulphuri
399 1235 726 1278 concoctum
750 1226 1154 1279 ferruminatur
1177 1230 1233 1280 in
1260 1230 1522 1296 lapidem.
1777 1256 1785 1285 f

185 1296 443 1349 valu.
478 1299 547 1349 At
567 1299 812 1364 peractis
835 1298 1119 1359 omnibus,
1142 1313 1281 1364 quae
1305 1303 1560 1351 constant
1582 1299 1636 1350 in
1711 1292 1720 1303 '

120 1368 232 1431 nio,
278 1373 460 1419 artem
494 1375 697 1418 natura
726 1366 985 1428 faciente,
1026 1370 1302 1419 succurrit
1329 1369 1542 1431 mirari,
1593 1370 1647 1419 ni
1687 1368 1738 1418 i}

116 1452 293 1504 paene
315 1453 428 1487 non
450 1437 577 1503 igne
601 1437 815 1504 perfici.
887 1436 1039 1503 Ignis
1062 1437 1267 1503 accipit
1286 1452 1503 1500 arenas,
1525 1453 1594 1491 ex
1618 1440 1735 1504 qui-

12 1566 13 1577 *
117 1508 220 1559 hus
241 1507 383 1558 alibi
405 1507 630 1570 vitrum,
654 1508 790 1559 alibi
815 1513 1128 1573 argentum,
1159 1508 1299 1559 alibi
1321 1508 1572 1573 minium,
1595 1503 1735 1559 alibi

115 1577 333 1696 plumbi
376 1591 598 1644 genera,
641 1575 774 1628 alibi
798 1577 1107 1643 pigmenta,
1133 1578 1286 1643 *alibi
1325 1577 1735 1630 medicamenta

141 1646 322 1699 undit.
396 1648 528 1713 Igne
551 1646 765 1712 lapides
798 1648 855 1696 in
889 1661 984 1697 aes
1018 1648 1329 1711 solvuntur,
1372 1650 1499 1716 igne
1520 1648 1732 1700 ferrum

116 1717 370 1783 gignitur
389 1731 455 1766 ac
477 1716 738 1767 domatur
759 1753 774 1778 ,
815 1717 942 1783 igne
965 1723 1213 1769 cremato
1233 1717 1419 1784 lapide
1442 1722 1734 1771 caementa

115 1786 170 1836 in
196 1787 365 1837 tectis
390 1785 650 1851 ligantur.
700 1786 823 1838 Alia
845 1787 1066 1852 saepius
1088 1787 1177 1837 uri
1198 1788 1447 1854 prodest.
1496 1788 1732 1840 Eadem·

12 1881 17 1889 ·
117 1869 223 1921 que
256 1856 502 1907 matoria
529 1854 683 1905 aliud
721 1857 899 1922 gignit
929 1857 1124 1922 primis
1155 1857 1406 1923 ignibus,
1448 1856 1603 1908 aliud
1640 1872 1731 1909 se-

119 1925 331 1985 cundis,
374 1924 769 1977 aliud'tertiis.·
831 1927 1066 1989 Quando
1101 1928 1224 1990 ipse
1247 1927 1426 1978 carbo
1460 1926 1607 1976 vires
1629 1924 1728 1976 ha-

12 2002 13 2021 *
113 1995 248 2047 bere
291 1994 498 2059 incipit
536 1995 834 2047 restinctus
868 2030 884 2057 ‚
943 2002 1111 2061 atque
1153 1995 1441 2046 interiisse
1482 1988 1749 2046 creditus
1835 1990 1838 1995 ’

88 2115 95 2118 ,
116 2064 357 2115 maioris
380 2056 444 2114 fit
465 2063 707 2114 virtutis.
779 2064 1056 2114 Immehsa
1077 2070 1134 2115 et
1151 2063 1408 2131 improba
1428 2077 1614 2115 rerum
1636 2054 1762 2114 na-''

62 2186 69 2191 ,
115 2139 278 2185 turae
302 2133 496 2200 portio
523 2150 536 2184 ε
576 2139 635 2185 et
660 2133 721 2184 in
752 2136 862 2200 qua
894 2132 1128 2199 dubium
1163 2134 1257 2196 sit‘,
1289 2133 1456 2201 plura
1478 2134 1734 2185 absumat

115 2215 188 2257 an
283 2207 414 2255 riat.
948 2234 953 2239 .

186 2218 395 2325 [xlx.
433 2272 538 2324 Est
561 2277 620 2323 et
641 2271 780 2338 ipsis
800 2271 1023 2340 ignibus
1052 2270 1270 2325 medica
1288 2272 1393 2324 vis.
1466 2272 1735 2327 Pestilen-

116 2342 255 2409 tiae,
276 2358 423 2410 quae
443 2341 595 2393 Solis
617 2343 1015 2394 obscuratione
1038 2340 1410 2406 contrahitur,
1441 2336 1593 2412 ignis
1615 2344 1732 2396 suf-

117 2412 224 2464 fitu
268 2410 698 2464 multiformiter
737 2411 1002 2464 auxiliari
1028 2416 1239 2463 certum
1280 2418 1388 2465 est.
1459 2414 1738 2480 Empedo-

118 2482 240 2534 cles
264 2488 324 2536 et
345 2483 722 2548 Hippocrates
752 2483 809 2533 id
835 2482 1290 2536 demonstravere
1309 2482 1549 2534 diversis
1573 2483 1734 2534 locis.

117 2552 209 2605 Ad
229 2553 498 2605 convulsa
521 2552 755 2613 viscera,
777 2556 874 2601 aut
894 2555 1147 2612 contusa,
1168 2557 1232 2602 ut
1257 2552 1338 2603 M.
1362 2553 1575 2604 Varro:
1601 2552 1737 2615 ipsis

121 2622 277 2674 enim
319 2623 509 2674 verbis
551 2621 670 2671 eius
709 2629 861 2672 utar:
901 2620 1009 2672 Lix
1037 2620 1179 2672 cinis
1221 2627 1326 2682 est,
1366 2619 1565 2684 inquit,
1606 2618 1737 2668 foci.

119 2691 442 2752 1nde‚eiiim
471 2691 617 2760 ‚cinis
645 2690 872 2743 lixivius
903 2694 1071 2756 potus
1107 2689 1386 2744 medetur:
1423 2693 1488 2738 nt
1505 2686 1638 2737 licet
1659 2687 1738 2739 vi-
