2017 3034
160 153 475 209 NATUR.
516 150 740 208 nisT.
787 153 952 210 mn.
993 155 1400 211 xxxvma.
1426 124 1511 215 1'4,
1579 160 1652 216 os

68 258 388 326 adalligavit
430 259 714 321 cacumini,
756 265 821 310 ut
850 260 1009 311 salus
1045 260 1165 312 eius
1185 260 1329 327 apud
1352 256 1656 316 molientes

67 329 356 396 prodesset
401 333 457 380 et
497 328 689 393 lapidi.
762 329 886 380 Hac
918 329 1289 382 admiratione
1310 332 1497 397 operis
1521 333 1654 385 effe·
1675 392 1684 399 ⁸

69 405 207 450 ctum
230 404 335 459 est,
373 403 438 447 ut
462 412 581 447 cum
622 397 879 462 o‘ppidum
903 398 960 448 id
986 397 1328 465 expugnas-et
1352 401 1652 467 Cambyses

66 472 520 531 rex‚ventumque
541 473 688 517 esset
708 467 960 517 incendio
983 466 1052 517 ad
1073 466 1383 532 crepidines
1406 468 1652 533 obelisci,

20 548 23 555 ⁸
69 535 339 603 exstingui
367 537 550 601 ignem
573 535 977 592 iuberetmolis
996 536 1339 599 reverentia,
1382 538 1488 605 qui«
1502 539 1656 590 urbis

20 604 23 677 ’ᾗ
68 605 270 656 nullam
290 602 577 657 habuerat.
1207 630 1216 635 „

19 686 23 725 ;
133 673 182 726 3.
205 672 347 725 Sunt
368 678 424 722 et
456 673 552 724 alii
575 671 702 736 duo,
724 688 863 724 unus
884 671 1153 726 aSmarre
1170 673 1406 742 positus,
1423 673 1568 726 alter
1583 674 1654 726 ab

69 740 336 808 EraphiO,
371 742 492 807 siue
511 746 690 804 notis,
728 743 1135 814 quadragenum
1162 748 1420 794 octonum
1445 743 1660 811 cubitof

20 824 23 829 ·
69 825 202 861 rum.
224 811 595 868 Alexandriae
618 812 819 864 statuit
840 828 1010 862 unum
1034 810 1321 879 octoginta
1342 814 1656 866 cubitorum
1682 818 1699 842 ⁸
1726 829 1732 835 ·

69 877 418 931 Ptolemaeus
440 879 863 947 PhiladelphuS,
902 896 1061 947 quem
1087 880 1374 933 exciderat
1391 882 1657 934 Nectabis

20 1004 23 1017 L
69 963 160 1000 rex
181 962 413 1014 purum:
446 949 739 1017 maiusque
763 965 901 1016 opus
920 950 1032 1001 fuit
1045 950 1106 1000 in
1133 949 1455 1002 devehendo
1478 956 1658 1002 statu-

20 1024 23 1085 s
71 1018 274 1069 eudove
298 1019 496 1080 multo,
515 1034 677 1085 quam
699 1019 756 1070 in
778 1019 1103 1073 excidendo.
1126 1021 1170 1071 A
1192 1016 1395 1084 Satyro
1421 1020 1655 1072 archite-

20 1090 21 1097 ’
71 1092 155 1137 cto
197 1087 369 1155 aliqui
413 1086 699 1140 devectum
743 1087 970 1139 tradunt
1008 1094 1157 1139 rate:
1208 1089 1578 1142 Callisthenes
1621 1104 1657 1141 a

20 1156 21 1175 ³
69 1153 360 1217 Phoenice,
408 1155 560 1208 fossa
580 1156 846 1223 perducta
864 1172 1040 1223 usque
1065 1155 1136 1206 ad
1181 1158 1451 1211 iacentem
1477 1160 1652 1210 obeli-

20 1234 23 1277 }
71 1239 210 1274 scum
239 1241 270 1276 e
291 1225 442 1276 Nilo.
493 1226 779 1292 Navesque
802 1225 936 1276 duas
957 1226 1016 1275 in
1037 1224 1389 1277 latitudinem
1419 1227 1656 1291 patulas,

20 1286 21 1351 ζ
71 1293 352 1358 pedalibus
376 1309 444 1345 ex
463 1295 655 1346 eodem
676 1294 868 1360 lapide
888 1294 955 1343 ad
977 1294 1247 1345 rationem
1270 1295 1540 1359 geminati
1559 1310 1657 1361 per

20 1358 21 1367 ’
73 1360 340 1427 duplicem
368 1370 675 1415 mensuram
696 1362 958 1429 ponderis
990 1368 1280 1422 oneratas,
1321 1364 1403 1413 ita
1424 1367 1487 1413 ut
1507 1365 1658 1416 subi.-

69 1438 184 1481 rent
205 1432 511 1485 obeliscum
533 1434 864 1498 pendentem
888 1431 1336 1483 extremitatibus
1368 1432 1482 1482 suis
1503 1435 1560 1484 in
1584 1434 1658 1485 ri-

69 1499 145 1565 pis
164 1500 447 1567 utrinque:
492 1508 688 1567 postea
713 1503 921 1570 egestis
959 1500 1251 1552 laterculis
1272 1501 1543 1553 allevatus
1564 1518 1659 1554 na-

67 1583 153 1620 ves
177 1571 467 1636 excepisse
491 1584 629 1622 onus
651 1577 939 1623 statutum.
996 1569 1232 1621 Excisos
1255 1575 1440 1623 autem
1460 1587 1556 1622 sex
1580 1579 1656 1623 ta·

20 1666 21 1691 ;
68 1636 140 1690 les
179 1640 239 1690 in
282 1644 473 1693 monte
496 1642 713 1703 eodem,
753 1646 810 1692 et
846 1639 1117 1691 artificem
1140 1637 1409 1690 donatum
1430 1640 1655 1693 talentis

68 1707 479 1777 quinquaginta.
571 1710 683 1761 Hic
713 1708 822 1759 fuit
855 1711 912 1758 in
934 1709 1203 1759 Arsinoeo
1227 1709 1445 1774 positus
1468 1723 1501 1759 a
1521 1725 1656 1778 rege

46 1791 226 1845 ‚supra
248 1778 423 1840 dicto,
459 1793 659 1828 munus
682 1778 884 1830 amoris
907 1778 964 1829 in
990 1776 1276 1845 coniugem
1311 1778 1655 1846 eandemque

66 1858 328 1911 sororem,
368 1847 655 1899 Arsinoen.
726 1846 858 1899 Inde
882 1860 1002 1899 eum
1033 1847 1321 1898 navalibus
1344 1849 1651 1898 incommo-

66 1913 183 1965 dam
206 1916 492 1967 Maximus
513 1916 734 1982 quidam
757 1916 1073 1982 praefectus
1094 1914 1335 1984 Aegypti
1363 1916 1656 1966 transtulit

62 1982 115 2043 in
130 1983 341 2046 forum,
362 1985 553 2036 reciso
568 1987 866 2046 cacumine,
893 1985 1022 2034 dum
1045 1984 1164 2035 vult
1184 1983 1472 2051 fastigium
1489 1982 1652 2036 addo·

110 2059 425 2116 auratum,
447 2053 592 2120 quod
618 2060 809 2120 postea
831 2054 1034 2104 omisit.

96 2121 173 2172 ’4.
213 2125 294 2175 Et
315 2122 413 2173 alii
434 2123 545 2174 duo
565 2129 693 2173 sunt
707 2119 1079 2173 Alexandriae
1101 2119 1170 2169 ad
1192 2123 1431 2185 portum,
1448 2119 1507 2170 in
1522 2120 1654 2174 Cae-

62 2190 196 2245 saris
218 2191 455 2257 templo,
478 2206 615 2259 quos
637 2190 846 2243 excidit
857 2190 1096 2241 Mestres
1118 2202 1222 2239 rex
1242 2187 1651 2255 quadragenum

60 2257 241 2313 binum
271 2262 600 2312 cubitorum.
671 2259 851 2325 Super
873 2258 1063 2308 omnia
1096 2256 1335 2309 accessit
1358 2256 1654 2310 difficultas

62 2330 197 2381 utri
219 2330 459 2381 Romam
506 2326 829 2387 devehendi,
871 2326 1138 2393 spectatis
1181 2325 1477 2378 admodum
1504 2331 1655 2380 navi·

60 2396 176 2449 hus.
244 2398 425 2449 Divus
446 2400 728 2466 Augustus
750 2397 994 2465 priorem
1022 2394 1339 2459 advexerat,
1368 2398 1651 2450 miraculi·

64 2478 163 2530 que
182 2469 373 2533 gratia
393 2465 645 2519 Puteolis
687 2465 979 2517 navalibus
1022 2465 1304 2533 perpetuis
1346 2465 1651 2533 dicarerat:

62 2533 155 2584 sed
173 2534 443 2586 incendio
464 2541 760 2587 consumta
780 2540 884 2586 est.
953 2532 1132 2585 Divus
1155 2534 1417 2593 Claudius
1440 2535 1655 2598 aliquot

63 2612 158 2665 pe?
176 2616 357 2655 annos
379 2610 740 2664 asservatam,
780 2618 889 2669 qua
908 2603 1081 2654 Caius
1104 2604 1308 2654 Caesar
1328 2602 1655 2666 importavo·
1723 2602 1727 2607 ⁴

62 2676 167 2730 rat,
186 2673 450 2724 omnibus
474 2688 615 2739 quae
633 2682 871 2738 unquam
886 2671 955 2722 -iu
977 2672 1120 2723 mari
1146 2671 1292 2722 visae
1313 2674 1461 2729 sunt,
1486 2667 1652 2727 mira·

127 2739 332 2803 Pane
367 2744 535 2794 Τοι.
573 2740 641 2792 V.
682 2741 703 2755 “
1194 2739 1242 2789 Ε
1339 2780 1348 2789 .
1632 2757 1637 2765 ·

580 2815 591 2821 -
758 2814 773 2839 x
942 2830 949 2833 ,
